3098 4988
768 305 789 382 5

142 560 237 644 cipue
273 559 509 626 classiariorum
544 558 679 624 militum
707 559 869 642 jacturam
900 578 970 624 esse
1000 556 1137 625 factam:
1169 548 1243 624 am
1272 557 1322 623 661
1352 563 1408 623 τῶν

140 679 343 760 πληρωμάτων
366 680 425 759 οὐχ
440 662 555 753 Ιἱὶκιστιιι
579 679 646 743 τότε
669 683 778 757 πρῶτον
801 675 926 749 κάκωσις
949 677 1075 753 ἐγένετο.

184 797 265 864 Ibid.
301 795 396 881 Vulg.
428 801 461 862 61
491 808 513 861 Β
545 793 590 860 tta
620 799 662 874 μὴ
697 797 1021 877 κακουργήσιιιτες
1053 797 1159 874 ἐξίοιεν.
1202 796 1312 865 Valla:
1346 797 1408 881 „ad

140 919 229 1001 ipsos
258 914 489 983 infestandos''.
536 916 628 1001 Legit
657 916 773 1002 igitur,
805 923 841 982 11
867 919 936 1002 jam
960 915 1142 1003 Stephanus
1166 916 1406 995 animadvertit,

139 1037 476 1114 κακουργήσοντες,
502 1036 586 1120 quod
609 1035 702 1102 unice
725 1042 775 1103 ast
796 1057 912 1104 verum.

182 1302 289 1386 Caput
312 1303 333 1368 5
356 1301 381 1393 ξ
406 1305 423 1368 1
448 1260 636 1386 issimis,
655 1317 677 1370 Β
701 1305 914 1387 διετείχιζε,
939 1305 1047 1372 Valla:
1075 1326 1219 1389 ,murum
1235 1302 1407 1373 exstruitl'.

137 1421 235 1488 Recte
259 1420 299 1487 cf.
324 1443 349 1488 c.
373 1422 395 1486 4
418 1419 442 1511 ξ
468 1424 497 1488 1.
545 1420 718 1490 Classenus
742 1423 782 1489 de
805 1436 827 1489 Β
850 1424 911 1490 sic:
938 1424 1130 1510 ,διετείχιζε,
1155 1423 1213 1492 wie
1258 1423 1405 1509 6111661,

136 1541 253 1607 beruht
282 1540 365 1607 wohl
397 1562 459 1606 nur
489 1540 549 1607 auf
576 1542 678 1607 einem
711 1540 976 1608 schreibfehler'’.
1022 1542 1180 1626 Equidem
1211 1543 1250 1609 de
1278 1542 1402 1633 librarii

136 1660 253 1726 menda
284 1659 401 1726 calami
430 1681 496 1727 non
529 1661 650 1745 cogito;
680 1656 764 1726 liban
794 1660 878 1726 anim
910 1661 1064 1745 septimus
1095 1667 1131 1726 11
1155 1661 1252 1727 etiam
1275 1666 1405 1729 octavus

134 1778 170 1843 iu
192 1791 214 1843 Β
239 1754 375 1844 corrooli
402 1778 570 1864 permultis
593 1778 672 1846 locis
695 1778 833 1846 suntab
857 1778 984 1846 homine
1007 1778 1148 1864 quodam
1172 1780 1252 1846 artis
1276 1779 1406 1846 criticae

135 1894 222 1961 haud
257 1897 386 1982 ignaro,
424 1896 482 1964 sed
519 1898 574 1981 qui
608 1897 751 1983 saepius,
786 1896 880 1963 nimis
915 1902 1085 1963 accuratus
1117 1918 1188 1963 cum
1219 1897 1295 1964 velit
1317 1917 1408 1978 esse,

139 2013 282 2098 linguam
315 2013 457 2095 offendit.
506 2013 559 2082 Sic
581 2019 692 2082 nostro
715 2014 785 2082 loco
809 2014 886 2082 mihi
908 2036 1097 2100 persuasum
1120 2019 1170 2082 est
1191 2003 1406 2082 correctorem

135 2154 195 2218 per
226 2130 410 2217 διατὲιχίζειι
440 2137 582 2203 indicare
613 2135 751 2203 voluisse
774 2135 948 2221 Gylippum
970 2157 1095 2201 murum
1119 2135 1161 2202 ad
1184 2133 1280 2201 finem
1302 2154 1408 2218 usque

136 2254 349 2333 exstruxisse,
375 2275 460 2340 quae
483 2261 592 2322 tamen
615 2256 660 2323 uis
684 2257 718 2321 in
741 2255 837 2323 verbo
861 2257 1038 2341 composito
1061 2275 1126 2320 non
1148 2255 1233 2321 inest
1248 2254 1284 2338 1).

181 2369 363 2461 5211113.
387 2374 549 2455 Γύλίιιπῳ,
587 2387 609 2440 Β
633 2374 725 2440 addit
748 2362 928 2442 artic'ulum.

181 2487 364 2579 §3ch
388 2493 401 2558 i
424 2475 591 2579 stasmi,
620 2494 767 2570 Βόμὲν
790 2502 823 2559 Γ.
932 2524 934 2527 ·

180 2607 205 2699 ξ
227 2610 249 2674 4
273 2610 365 2695 Vulg.
388 2611 412 2676 cl
435 2615 477 2689 μὴ
500 2610 652 2688 ἀξιώσουσι
668 2661 674 2675 .
690 2663 697 2676 .
713 2660 742 2678 ..
766 2584 1027 2688 e’Esacicaclai
1043 2614 1075 2677 εἰι
1096 2621 1149 2687 τῆς
1172 2612 1289 2696 χώρας,
1313 2623 1335 2675 Β
1361 2609 1407 2686 ἕξ-

135 2727 303 2794 saductus.
338 2728 435 2795 Valla
464 2729 596 2799 liberius
628 2749 725 2813 quam
756 2733 793 2796 ut
819 2729 860 2796 de
883 2729 952 2796 eius
976 2731 1138 2815 scriptura
1160 2729 1238 2815 quid
1261 2734 1405 2796 statuere

133 2845 246 2912 liceat:
285 2867 370 2927 „non
394 2847 655 2914 committendum
669 2867 749 2922 ¹esse
774 2847 853 2931 quin
877 2847 969 2914 Iones
986 2852 1018 2914 et
1033 2848 1196 2915 insulanos
1211 2853 1245 2915 et
1259 2847 1403 2914 homines

134 2965 274 3031 advenas
305 2987 323 3031 e
354 2966 485 3051 regione
516 2963 741 3051 depellerent’'.
787 2965 833 3032 Ut
863 2987 961 3051 supra
985 2962 1009 3054 ᾗ
1035 2967 1051 3031 1
1077 2966 1182 3033 ethic
1212 2964 1402 3042 ἕξελιὶσεσθιιι

136 3083 290 3166 originem
326 3085 408 3169 petit
442 3104 463 3149 a
494 3090 689 3170 correctore,
727 3084 782 3168 qui
817 3105 888 3149 cum
922 3072 961 3150 de
994 3104 1030 3149 re
1063 3083 1173 3150 futura
1207 3105 1312 3151 sermo
1347 3084 1406 3167 sit,

135 3202 291 3268 aoristum
322 3202 442 3287 injuria
470 3203 504 3268 in
535 3201 679 3269 futurum
710 3202 860 3288 mutavit,
896 3222 999 3286 neque
1034 3200 1223 3282 Classenus,
1259 3201 1407 3270 Vaticani

134 3318 244 3386 fautor
277 3321 327 3386 vel
356 3321 541 3401 1116111116,
563 3320 686 3386 variam
717 3319 886 3390 lectionem
916 3320 1000 3386 tueri
1032 3319 1154 3405 potuit,
1187 3320 1327 3387 monitus
1354 3339 1408 3404 ge·

137 3438 239 3505 mellis
262 3438 359 3516 locis,
387 3439 424 3523 1,
449 3437 510 3516 74,
535 3439 566 3504 2.
594 3440 675 3519 132,
699 3440 731 3507 2.
755 3441 798 3525 3,
818 3439 879 3523 39,
904 3439 934 3505 3.
956 3439 1018 3520 40,
1041 3438 1072 3505 5.
1098 3439 1128 3524 1,
1153 3438 1214 3526 63,
1238 3438 1271 3504 4.

183 3701 288 3788 Caput
311 3707 331 3770 6
354 3702 379 3794 ξ
405 3709 421 3768 l
446 3664 617 3786 1616466416,
647 3717 669 3770 Β
692 3703 869 3784 ἀμύνεσθαι,
902 3703 987 3787 quod
1010 3723 1069 3788 pro
1094 3703 1219 3768 sincera
1241 3702 1406 3788 scriptoris

138 3843 235 3888 manu
265 3825 371 3907 posuit
401 3828 562 3890 corrector
592 3823 635 3890 ad
666 3822 854 3888 varietatem
878 3820 1032 3887 orationis
1056 3817 1269 3887 efficiendam.
1310 3819 1406 3887 Valla

136 3940 215 4007 facit
245 3961 317 4006 cum
347 3940 492 4026 vulgata:
532 3939 783 4021 „debellarunt”,
811 3958 1008 4024 quamquam
1031 3915 1171 4024 pellucet
1193 3960 1265 4005 eum
1288 3959 1407 4023 graeca

137 4081 202 4128 non
219 4060 449 4128 intellexisse:
487 4060 563 4145 „qui
597 4060 625 4126 si
661 4059 869 4144 accessisset,
901 4061 1025 4126 faceret
1055 4063 1091 4123 ut
1118 4056 1311 4145 Syracusani
1341 4078 1406 4124 nou

170 4394 199 4456 l)
217 4396 248 4449 cl.
267 4411 289 4446 c.
308 4393 332 4449 6.
350 4393 363 4461 5
381 4392 394 4447 1
415 4398 440 4447 et
458 4394 490 4447 de
508 4389 674 4462 διιιτιιχίζιιν
691 4408 713 4447 c.
731 4391 763 4444 36
780 4393 793 4461 §
810 4392 834 4446 4.
