3098 4988
757 297 800 362 4⁷

142 533 242 601 libros
274 534 451 602 audiendos
487 555 558 603 esse
588 535 621 602 in
654 536 771 621 quibus
805 534 1005 602 desideratur
1035 533 1130 599 ainau.
1176 533 1288 601 Eidem
1328 535 1412 600 enim

143 651 355 720 Athenienses
387 660 684 740 commemorentur,
716 676 852 741 quorum
884 653 1004 721 mentio
1031 655 1100 740 jam
1131 653 1220 720 faeta
1244 659 1295 720 est
1318 675 1344 718 e.
1368 654 1410 718 69

141 771 215 854 §d
252 772 349 839 Valle
380 794 454 839 eum
486 774 513 839 B
547 773 643 841 feeit:
681 773 911 857 „Athenienses
947 778 1161 858 posteaquam
1196 771 1239 838 ad
1273 773 1409 840 obsesses

146 889 277 970 „fauces
300 890 453 959 subiere''.
477 893 539 960 Vix
562 894 647 978 opud
672 898 722 960 est
744 892 851 959 dieere
874 892 972 959 etiem
995 891 1100 958 minus
1116 911 1214 976 quam
1230 889 1316 956 ἄλλα
1333 890 1412 957 ferri

111 1049 116 1058 ·
142 1011 311 1094 possessi
336 1010 423 1096 quod
446 1011 567 1078 hebent
590 1021 615 1078 E
639 1016 672 1078 et
695 1011 864 1098 Dionysius
888 1012 975 1096 (pag.
1000 1011 1080 1094 875)
1104 1015 1179 1075 ante
1203 1011 1236 1075 oi.

187 1129 269 1196 Ibid.
292 1129 384 1214 Vulg.
415 1133 446 1196 οὐ
477 1130 546 1210 πρὸς
578 1133 618 1213 τῷ
649 1129 797 1213 ζεύγματι
828 1130 870 1196 ἔτι
902 1129 987 1206 μόνον
1011 1132 1028 1204 ἦ
1052 1130 1229 1214 ναυμαχία,
1253 1128 1339 1204 ἄλλα
1361 1130 1410 1193 καὶ

140 1247 223 1313 νατδι
254 1247 304 1312 τὸν
333 1248 441 1325 λιμένα
471 1249 614 1326 ἐγίγνετο.
664 1248 782 1314 Dubito
814 1269 890 1314 num
922 1247 1061 1314 editores
1092 1251 1179 1312 reete
1213 1247 1240 1312 B
1267 1245 1410 1313 inserue-

141 1365 207 1431 rint
237 1361 269 1438 ἦν
300 1370 374 1432 ente
410 1370 426 1441 ἡ
462 1368 639 1448 ναυμαχία,
678 1387 750 1433 curn
784 1386 848 1432 nen
884 1367 988 1432 solum
1018 1364 1058 1430 de
1093 1385 1202 1450 pugna
1233 1365 1268 1430 in
1297 1369 1411 1449 portu,

141 1483 337 1551 sedetiam
381 1485 421 1551 de
460 1485 583 1570 proelio
613 1484 700 1570 apud
732 1484 889 1563 claustra,
920 1483 1062 1551 nondum
1091 1482 1200 1563 finite,
1231 1483 1265 1548 ni
1295 1481 1410 1562 fallor,

140 1609 228 1671 recte
260 1603 386 1670 dicatur
407 1602 630 1688 imperfectum
654 1605 798 1681 ἐγίγνετο.
844 1601 940 1669 Valla
962 1602 1211 1686 interpretetur:
1238 1623 1322 1682 „nen
1341 1602 1410 1687 jam

140 1741 200 1805 pro
240 1721 397 1806 angustiis
437 1722 541 1788 exitus
572 1726 716 1800 tantum,
748 1721 805 1789 sed
840 1723 936 1815 etiem
969 1721 1056 1788 intra
1089 1727 1219 1807 portum
1253 1721 1408 1807 proelium

139 1837 344 1922 gerebatur''.

185 1954 210 2046 ξ
233 1958 263 2023 3.
287 1956 382 2042 Vulg.
406 1953 436 2023 οἵ
452 1957 596 2036 ἐπιβάται
621 1957 795 2045 ἐθεράπευον,
816 1956 873 2024 ὅτε
897 1959 1049 2038 προσπέσοι
1071 1965 1139 2031 ναῦς
1156 1960 1218 2037 νηί,
1247 1958 1407 2036 Βὸπᾶτε,

140 2074 227 2159 quod
250 2072 393 2142 Stahlius
417 2079 450 2141 et
471 2074 704 2142 Herwerdsnus
727 2081 918 2160 receperunt
940 2081 973 2141 et
997 2075 1092 2142 Valla
1115 2075 1236 2142 retulit:
1262 2076 1406 2161 „quoties

140 2193 230 2259 nevis
254 2213 367 2260 navem
391 2193 599 2261 incurreret’'.

183 2309 208 2401 ξ
230 2312 260 2378 4.
284 2311 363 2379 Cum
387 2312 539 2399 Dionysio
563 2332 672 2379 omnes
695 2312 770 2379 libri
792 2312 902 2399 legunt
917 2313 1088 2399 indonet,
1116 2313 1203 2380 sotus
1219 2313 1255 2379 Ε.
1272 2312 1408 2399 praebet

138 2429 278 2507 ἐμβολαί.
312 2431 356 2495 Et
385 2429 480 2498 Valla
510 2452 531 2497 a
560 2431 668 2497 codiee
697 2432 725 2496 E
756 2430 909 2498 decedere
940 2432 1082 2498 videtur:
1125 2433 1212 2512 ,nari
1253 2453 1407 2500 excursus

137 2545 289 2614 fiebant&

183 2666 265 2734 Ibid.
290 2667 384 2752 Vulg.
407 2671 444 2742 ὡς
466 2669 571 2750 τύχοι
595 2674 702 2750 recte;
725 2682 746 2735 B
771 2672 808 2743 ὡς
835 2668 951 2751 ἔτυχον.

183 2783 262 2875 §L
286 2785 380 2871 Vulg.
414 2788 511 2862 πολλὴ
545 2789 605 2868 γὰρ
639 2787 672 2862 δὴ
706 2788 919 2868 παρακέλευσις
954 2788 1002 2853 καὶ
1041 2789 1097 2867 βοὴ
1235 2791 1316 2854 κατα
1352 2793 1404 2865 τὴν

137 2903 245 2987 τέχνην
276 2906 325 2970 καὶ
357 2906 424 2986 πρὸς
456 2908 508 2981 τὴν
538 2907 647 2972 αὐτίκα
679 2908 840 2988 Φιλονιιιίαν
867 2908 1018 2985 satyram
1042 2908 1069 2973 Β
1093 2912 1168 2974 ante
1190 2912 1403 2988 παρακέλευσις

137 3024 251 3092 inserit
273 3029 307 3102 ἡ,
338 3031 371 3091 et
401 3025 498 3111 paulo
528 3024 613 3091 inire
642 3051 676 3091 τε
707 3032 782 3092 ante
804 3027 857 3100 riv
884 3027 1001 3106 τέχναν.
1038 3026 1084 3091 De
1108 3024 1243 3092 articulo
1266 3047 1286 3091 a
1309 3026 1404 3094 Valle

138 3141 217 3208 nihil
247 3142 413 3222 doeemur3
445 3143 593 3228 copulam
616 3149 724 3210 tamen
747 3144 808 3211 hee
830 3143 901 3210 loeo
925 3142 1141 3228 significanter
1163 3141 1306 3210 additam
1329 3165 1402 3211 eum

137 3259 252 3327 vidisse
275 3266 419 3328 constat:
446 3265 533 3342 „tum
556 3281 596 3326 ex
618 3267 688 3328 arte
710 3261 955 3346 gubernatoris,
984 3266 1053 3326 tum
1076 3280 1116 3325 ex
1138 3263 1302 3345 praesenti
1325 3283 1400 3330 een·

135 3379 278 3446 tentione
300 3380 476 3446 viucendi”.

180 3495 260 3586 §8.
291 3497 383 3582 Vulg.
413 3501 491 3563 κατ’
521 3497 672 3576 ανάγκην,
704 3511 726 3564 B
751 3499 784 3563 δι’
807 3497 959 3576 andrean,
992 3499 1077 3584 quod
1109 3498 1281 3566 Classenus
1313 3501 1400 3568 selus

135 3615 283 3701 probavit
307 3617 357 3700 (at.
379 3615 404 3706 ξ
428 3617 511 3703 6.)1)

179 3735 258 3801 Ibid.
281 3734 373 3821 Vulg.
397 3737 420 3801 ei
443 3739 495 3812 τὴν
517 3737 741 3814 πολεμιωτάτην
763 3745 820 3813 γῆν
838 3736 1003 3817 οἰκειοτέραν
1019 3736 1070 3812 ἤδη
1087 3743 1138 3809 τῆς
1154 3739 1191 3800 οὐ
1214 3737 1252 3802 δι’
1275 3740 1399 3817 ὀλίγον

134 3853 311 3931 κεκτημένης
341 3855 492 3930 θαλάσσας
524 3856 675 3933 ἡγούμενοι
706 3857 908 3936 ὑποχωροῦσιν.
945 3854 1120 3920 Vaticanus
1152 3856 1238 3921 solus
1270 3855 1400 3923 exhibet

134 3977 165 4041 οὐ
199 3974 232 4038 δι’
266 3975 365 4050 ὀλίγον
399 3975 519 4056 πόνου,
553 3976 640 4061 quod
675 3974 836 4042 stabilitur
870 3998 890 4043 a
920 3974 1029 4041 Valla:
1064 3995 1172 4054 „mare
1198 3995 1261 4040 uon
1285 3974 1397 4058 exiguo

134 4092 244 4160 labere
275 4094 473 4161 obtentum''.
519 4094 665 4179 Popponi
695 4094 865 4179 quominus
896 4100 928 4161 et
955 4095 1007 4161 hie
1030 4100 1063 4160 et
1085 4095 1155 4160 aliis
1178 4094 1210 4158 iu
1234 4093 1312 4159 loeis
1336 4114 1397 4160 acu

167 4346 195 4412 t)
213 4347 245 4399 cf.
264 4345 383 4399 Stahlius
403 4346 431 4397 in
449 4346 564 4398 editione
580 4344 686 4409 meiere.
