3098 4988
750 324 794 387 68

136 559 285 644 copulam
301 559 472 643 expressit:
491 559 687 643 „aderatque
703 558 733 625 ei
749 558 1023 626 Clazomeniorum
1039 563 1137 644 atque
1148 559 1403 647 Erythraeorum

135 675 329 762 peditatus.''

181 793 206 885 ᾖ
237 797 267 862 2.
301 794 390 882 Vulg.
421 795 640 877 προαισθόμενος
671 795 697 861 δ’
725 797 982 879 ὄΣτρομβιχίδῆς
1005 797 1246 878 προοινῆγετορ
1276 809 1299 863 Β
1324 795 1402 874 ἕξοι·

135 915 242 992 ἤνετο,
266 914 318 980 oni
339 913 454 980 Vallae
480 913 715 993 „abscessit”
738 919 846 999 potest
868 915 1074 1000 respondere.
1108 915 1146 980 ln
1168 919 1321 1001 promptu
1345 913 1403 981 etsi

135 1037 185 1100 est
207 1033 313 1100 dicere
336 1032 562 1114 Στρομβιχίδης
585 1033 744 1112 ἐξοινῆρετο
760 1034 779 1099 i.
797 1055 824 1100 e.
840 1040 968 1118 portum
984 1033 1132 1118 reliquit,
1152 1033 1282 1119 vulgata
1296 1038 1402 1100 tamen

135 1173 267 1238 prorsus
299 1152 412 1220 odiosa
440 1174 505 1220 non
536 1158 602 1220 est:
635 1154 752 1220 etenim
784 1176 855 1221 cum
886 1153 1127 1222 Atheniensium
1151 1154 1217 1221 dux
1240 1176 1402 1222 aceessum

135 1270 274 1338 bostium
307 1272 555 1357 praesensisset,
588 1273 634 1338 nil
669 1273 821 1339 miramur
858 1294 930 1340 eum
959 1275 992 1340 in
1021 1274 1121 1340 altum
1152 1273 1223 1341 vela
1255 1273 1400 1357 dedisse,

136 1395 309 1476 antequam
332 1391 458 1459 hostilis
481 1392 594 1460 elassis
618 1393 756 1460 adesset.

179 1509 257 1598 §b
291 1508 382 1595 Vulg.
411 1510 461 1574 rai
493 1509 619 1591 ἐπέσχον
649 1512 703 1587 μὲν
733 1511 761 1574 οἱ
793 1512 941 1589 πολλοί,
969 1523 990 1576 Β
1014 1513 1101 1577 recte
1123 1511 1148 1574 oi
1172 1508 1286 1592 πεζοί,
1319 1508 1402 1594 quod

136 1650 157 1695 a
179 1628 273 1697 Valla
303 1629 483 1698 stabilitur:
518 1631 834 1715 „peditatumque
953 1629 1216 1710 introduxerunt,
1241 1629 1310 1713 qui

135 1725 261 1816 muros
284 1749 494 1817 demolitus
517 1748 601 1816 est.’'

178 1868 260 1935 Ibid.
283 1867 373 1953 Vulg.
396 1871 532 1953 κοοῆρουν
555 1869 652 1954 οὑτοι,
676 1869 703 1934 B
719 1867 809 1935 addit
825 1866 973 1952 copulam
989 1891 1036 1945 τε,
1063 1866 1102 1932 de
1118 1887 1184 1951 qua
1200 1865 1400 1934 vehementer

136 1987 248 2054 dubito
271 1986 312 2055 ob
337 2008 474 2072 sequens
498 1987 692 2066 ξορνοιῆἤρονν
715 1986 760 2054 δέ.
803 1986 898 2053 Valla
919 1985 1068 2070 neglexit

180 2105 264 2174 Ibid.
288 2105 379 2190 Vulg.
403 2107 471 2188 πρὸς
495 2107 622 2188 ἤπειρον,
647 2107 674 2172 Β
697 2110 784 2173 reete
806 2106 844 2171 rb
866 2105 935 2187 πρὸς
959 2105 1079 2186 ἤπειρον.

180 2224 261 2294 Ibid.
287 2224 381 2309 Vulg.
404 2222 440 2290 ὧν
464 2223 537 2307 ἤρχε
561 2224 695 2303 arduae.
732 2224 838 2291 Variis
862 2224 963 2290 modis
986 2223 1019 2288 in
1043 2223 1132 2291 libris
1155 2220 1295 2288 refertur
1314 2221 1401 2288 duois

134 2362 267 2420 nomen;
300 2341 327 2409 si
357 2349 465 2409 antem
496 2344 580 2410 idem
612 2348 676 2423 est,
707 2343 763 2427 qui
794 2341 875 2408 Xen.
905 2341 989 2409 Hell.
1016 2343 1045 2408 1.
1071 2343 1100 2406 2.
1123 2341 1167 2406 20
1190 2344 1399 2426 memoratur,

136 2464 222 2525 certe
245 2460 448 2528 scribendum
472 2467 521 2528 est
543 2461 668 2538 Στῆγῆς
686 2461 724 2546 ¹).

179 2725 284 2813 Caput
312 2729 348 2794 ll
372 2726 397 2818 ὅ
420 2729 451 2797 2.
475 2728 571 2813 Vulg.
594 2729 649 2801 τοὶς
672 2752 710 2793 τε
834 2732 913 2800 νοῦς.
937 2725 1094 2811 Copulam
1120 2742 1205 2808 quae
1221 2741 1288 2790 non
1304 2723 1400 2791 habet

135 2865 200 2929 quo
222 2848 375 2933 respiciat
397 2849 424 2914 B
448 2854 481 2915 et
502 2848 596 2915 Valla
619 2847 805 2915 omiserunt.

178 2962 203 3054 ξ
225 2964 256 3031 4.
281 2965 373 3051 Vulg.
399 2970 415 3043 ἤ
540 2965 706 3047 ξομμοοχίοι
823 2964 966 3043 ἐγένετο
982 2960 1048 3038 riis,
1070 2966 1165 3028 recte.
1188 2960 1215 3025 Β
1232 2960 1397 3038 ἐγεγένητο.

134 3082 242 3151 Valla:
267 3083 404 3151 societas
427 3083 509 3150 inita
532 3083 607 3151 est''.

178 3349 285 3434 Caput
309 3350 350 3415 18
374 3348 398 3440 ᾖ
422 3352 451 3417 2.
487 3351 578 3437 Vulg.
612 3358 663 3417 τοῦ
697 3351 826 3424 πολέμου
862 3351 930 3431 πρὸς
961 3349 1145 3427 Ἀθηναίους,
1177 3347 1204 3414 Β
1232 3353 1310 3415 ante
1333 3346 1397 3429 apte

133 3467 245 3535 inserit
267 3467 352 3554 τονί,
376 3469 463 3554 quod
486 3491 558 3536 oum
581 3471 733 3538 Olasseno
756 3471 945 3539 mutandum
969 3471 1075 3538 estin
1090 3475 1151 3536 τοῦ.
1177 3467 1292 3535 Valla:
1312 3465 1396 3549 „bel-

133 3588 263 3673 lumque
287 3608 358 3654 oum
383 3587 628 3656 Atheniensibus
653 3591 824 3658 dissolvere
846 3610 887 3656 ne
909 3589 1033 3658 liceat.”

177 3703 202 3795 ξ
224 3707 254 3773 3.
278 3705 370 3791 Vulg.
393 3708 525 3784 πολέμιοι
547 3709 677 3776 terem
692 3710 925 3787 βοισιιιεῖιιοοτοὶ
948 3716 1086 3786 τοῦτον,
1104 3723 1126 3775 Β
1142 3708 1238 3774 κοντοὶ
1261 3705 1394 3782 τοῦτοί,

133 3823 219 3908 quod
249 3828 357 3890 tuetur
388 3824 560 3893 Classenus
590 3827 729 3895 laudans
756 3829 776 3894 l.
801 3829 830 3893 V
855 3849 882 3895 o.
909 3829 949 3893 18
972 3826 997 3918 ξ
1020 3828 1052 3896 9.
1097 3825 1192 3893 Valla
1222 3847 1296 3892 oum
1321 3844 1395 3891 non·

132 3942 228 4010 nullis
250 3941 341 4010 libris
363 3944 446 4009 νοιτοι
467 3951 566 4010 τοῦτο
595 3947 759 4033 conjungit
781 3968 852 4012 cum
876 3946 992 4031 eapitis
1008 3945 1171 4030 sequentis
1188 3942 1297 4029 initio,
1313 3939 1394 4008 unde

132 4061 234 4127 oritur
255 4059 367 4142 leutio,
398 4081 480 4145 quae
504 4063 643 4147 speeiem
663 4065 781 4131 'saltem
803 4063 904 4131 habet
926 4064 1020 4131 modo
1044 4063 1168 4131 scribas
1191 4063 1275 4129 κοντοὶ
1298 4066 1394 4128 τοῦτο

164 4392 192 4456 l)
210 4392 242 4444 cf.
259 4393 340 4457 prael.
359 4406 416 4458 pag.
434 4389 505 4442 VIll.
553 4416 556 4421 -
