<?xml version="1.0" encoding="UTF-8"?>
<!DOCTYPE html PUBLIC "-//W3C//DTD XHTML 1.0 Transitional//EN"
    "http://www.w3.org/TR/xhtml1/DTD/xhtml1-transitional.dtd">
<html xmlns="http://www.w3.org/1999/xhtml" xml:lang="en" lang="en">
 <head>
  <title>
</title>
<meta http-equiv="Content-Type" content="text/html;charset=utf-8" />
  <meta name='ocr-system' content='tesseract 3.04.00' />
  <meta name='ocr-capabilities' content='ocr_page ocr_carea ocr_par ocr_line ocrx_word'/>
</head>
<body>
  <div class='ocr_page' id='page_1' title='image "./dethucydidisvat00vallgoog_0042.png"; bbox 0 0 3098 4988; ppageno 0'>
   <div class='ocr_carea' id='block_1_1' title="bbox 760 302 803 379">
    <p class='ocr_par' dir='ltr' id='par_1_1' title="bbox 760 302 803 379">
     <span class='ocr_line' id='line_1_1' title="bbox 760 302 803 379; baseline 0.047 -2"><span class='ocrx_word' id='word_1_1' title='bbox 760 302 803 379; x_wconf 73' lang='lat'><strong>22</strong></span> 
     </span>
    </p>
   </div>
   <div class='ocr_carea' id='block_1_2' title="bbox 119 548 1425 3510">
    <p class='ocr_par' dir='ltr' id='par_1_2' title="bbox 139 548 1422 998">
     <span class='ocr_line' id='line_1_2' title="bbox 140 548 1422 636; baseline 0 -14"><span class='ocrx_word' id='word_1_2' title='bbox 140 556 216 622; x_wconf 88' lang='lat' dir='ltr'><strong>dum</strong></span> <span class='ocrx_word' id='word_1_3' title='bbox 255 560 306 622; x_wconf 89' lang='lat' dir='ltr'><strong>est</strong></span> <span class='ocrx_word' id='word_1_4' title='bbox 344 554 470 622; x_wconf 88' lang='lat' dir='ltr'><strong>Vallam</strong></span> <span class='ocrx_word' id='word_1_5' title='bbox 504 575 580 622; x_wconf 84' lang='lat' dir='ltr'><strong>voce</strong></span> <span class='ocrx_word' id='word_1_6' title='bbox 625 551 866 635; x_wconf 88' lang='lat' dir='ltr'><strong>„incurrentes”</strong></span> <span class='ocrx_word' id='word_1_7' title='bbox 909 553 1044 626; x_wconf 67' lang='lat' dir='ltr'><strong>relevare</strong></span> <span class='ocrx_word' id='word_1_8' title='bbox 1084 552 1277 622; x_wconf 87' lang='lat' dir='ltr'><strong>reddidisse.</strong></span> <span class='ocrx_word' id='word_1_9' title='bbox 1332 548 1422 636; x_wconf 83' lang='lat' dir='ltr'><strong>Quod</strong></span> 
     </span>
     <span class='ocr_line' id='line_1_3' title="bbox 140 672 1420 760; baseline 0.002 -19"><span class='ocrx_word' id='word_1_10' title='bbox 140 673 183 741; x_wconf 87' lang='lat' dir='ltr'><strong>ad</strong></span> <span class='ocrx_word' id='word_1_11' title='bbox 214 673 383 741; x_wconf 89' lang='lat' dir='ltr'><strong>lectionem</strong></span> <span class='ocrx_word' id='word_1_12' title='bbox 413 672 518 758; x_wconf 81' lang='lat' dir='ltr'><strong>ipsam</strong></span> <span class='ocrx_word' id='word_1_13' title='bbox 544 672 678 753; x_wconf 77' lang='lat' dir='ltr'><strong>attinet,</strong></span> <span class='ocrx_word' id='word_1_14' title='bbox 716 672 857 740; x_wconf 89' lang='lat' dir='ltr'><strong>concedo</strong></span> <span class='ocrx_word' id='word_1_15' title='bbox 886 672 1022 745; x_wconf 71' lang='grc' dir='ltr'><strong>παίοντες</strong></span> <span class='ocrx_word' id='word_1_16' title='bbox 1044 673 1091 739; x_wconf 91' lang='lat' dir='ltr'><strong>rei</strong></span> <span class='ocrx_word' id='word_1_17' title='bbox 1114 673 1329 760; x_wconf 87' lang='lat' dir='ltr'><strong>aptissimam</strong></span> <span class='ocrx_word' id='word_1_18' title='bbox 1352 698 1420 745; x_wconf 86' lang='lat' dir='ltr'><strong>sen·</strong></span> 
     </span>
     <span class='ocr_line' id='line_1_4' title="bbox 139 790 1419 882; baseline 0.002 -21"><span class='ocrx_word' id='word_1_19' title='bbox 139 794 276 861; x_wconf 87' lang='lat' dir='ltr'><strong>tentiam</strong></span> <span class='ocrx_word' id='word_1_20' title='bbox 299 792 329 882; x_wconf 88' lang='lat' dir='ltr'><strong>l)</strong></span> <span class='ocrx_word' id='word_1_21' title='bbox 360 790 533 879; x_wconf 85' lang='lat' dir='ltr'><strong>praebere,</strong></span> <span class='ocrx_word' id='word_1_22' title='bbox 566 811 670 876; x_wconf 89' lang='lat' dir='ltr'><strong>neque</strong></span> <span class='ocrx_word' id='word_1_23' title='bbox 701 797 810 859; x_wconf 88' lang='lat' dir='ltr'><strong>tamen</strong></span> <span class='ocrx_word' id='word_1_24' title='bbox 839 790 991 877; x_wconf 78' lang='lat' dir='ltr'><strong>intellego</strong></span> <span class='ocrx_word' id='word_1_25' title='bbox 1024 793 1184 876; x_wconf 90' lang='lat' dir='ltr'><strong>quomodo</strong></span> <span class='ocrx_word' id='word_1_26' title='bbox 1216 795 1419 871; x_wconf 74' lang='grc' dir='ltr'><strong>σιίσντεςίιι</strong></span> 
     </span>
     <span class='ocr_line' id='line_1_5' title="bbox 139 911 632 998; baseline -0.002 -21"><span class='ocrx_word' id='word_1_27' title='bbox 139 912 319 996; x_wconf 71' lang='grc' dir='ltr'><strong><em>παρέχοντες</em></strong></span> <span class='ocrx_word' id='word_1_28' title='bbox 342 912 385 980; x_wconf 85' lang='lat' dir='ltr'><strong>sit</strong></span> <span class='ocrx_word' id='word_1_29' title='bbox 408 911 632 998; x_wconf 84' lang='lat' dir='ltr'><strong>depravatum.</strong></span> 
     </span>
    </p>

    <p class='ocr_par' dir='ltr' id='par_1_3' title="bbox 138 1030 1425 1597">
     <span class='ocr_line' id='line_1_6' title="bbox 183 1030 1419 1122; baseline 0.003 -23"><span class='ocrx_word' id='word_1_30' title='bbox 183 1030 208 1122; x_wconf 66' lang='grc' dir='ltr'>ξ</span> <span class='ocrx_word' id='word_1_31' title='bbox 238 1031 270 1101; x_wconf 88' lang='lat'><strong>5.</strong></span> <span class='ocrx_word' id='word_1_32' title='bbox 300 1031 394 1118; x_wconf 79' lang='lat' dir='ltr'><strong>Vulg.</strong></span> <span class='ocrx_word' id='word_1_33' title='bbox 425 1038 458 1100; x_wconf 85' lang='lat' dir='ltr'><strong>et</strong></span> <span class='ocrx_word' id='word_1_34' title='bbox 490 1044 511 1098; x_wconf 87' lang='grc' dir='ltr'><strong>Β</strong></span> <span class='ocrx_word' id='word_1_35' title='bbox 542 1038 681 1096; x_wconf 76' lang='grc' dir='ltr'><strong><em>πλεῖστον</em></strong></span> <span class='ocrx_word' id='word_1_36' title='bbox 713 1031 774 1112; x_wconf 73' lang='grc' dir='ltr'><strong>γὰρ</strong></span> <span class='ocrx_word' id='word_1_37' title='bbox 797 1032 825 1095; x_wconf 85' lang='grc' dir='ltr'><strong>ἕν</strong></span> <span class='ocrx_word' id='word_1_38' title='bbox 849 1032 930 1113; x_wconf 76' lang='grc' dir='ltr'><strong>αὐτῷ</strong></span> <span class='ocrx_word' id='word_1_39' title='bbox 951 1031 1085 1112; x_wconf 68' lang='grc' dir='ltr'><strong>σχήσειν.</strong></span> <span class='ocrx_word' id='word_1_40' title='bbox 1124 1030 1242 1099; x_wconf 75' lang='lat' dir='ltr'><strong>Valla:</strong></span> <span class='ocrx_word' id='word_1_41' title='bbox 1271 1054 1341 1116; x_wconf 80' lang='lat' dir='ltr'><strong>„cx</strong></span> <span class='ocrx_word' id='word_1_42' title='bbox 1363 1035 1419 1103; x_wconf 85' lang='lat' dir='ltr'><strong>boc</strong></span> 
     </span>
     <span class='ocr_line' id='line_1_7' title="bbox 139 1147 1425 1238; baseline 0.003 -21"><span class='ocrx_word' id='word_1_43' title='bbox 139 1151 276 1218; x_wconf 83' lang='lat' dir='ltr'><strong>maxime</strong></span> <span class='ocrx_word' id='word_1_44' title='bbox 312 1150 493 1237; x_wconf 81' lang='lat' dir='ltr'><strong>superiores</strong></span> <span class='ocrx_word' id='word_1_45' title='bbox 529 1148 631 1216; x_wconf 82' lang='lat' dir='ltr'><strong>esse&#39;’.</strong></span> <span class='ocrx_word' id='word_1_46' title='bbox 678 1147 820 1215; x_wconf 88' lang='lat' dir='ltr'><strong>Verbum</strong></span> <span class='ocrx_word' id='word_1_47' title='bbox 855 1149 936 1229; x_wconf 75' lang='grc' dir='ltr'><strong><em>ἔχειν</em></strong></span> <span class='ocrx_word' id='word_1_48' title='bbox 969 1148 1003 1214; x_wconf 93' lang='lat' dir='ltr'><strong>in</strong></span> <span class='ocrx_word' id='word_1_49' title='bbox 1035 1148 1273 1237; x_wconf 89' lang='lat' dir='ltr'><strong>locutionibus,</strong></span> <span class='ocrx_word' id='word_1_50' title='bbox 1307 1152 1425 1238; x_wconf 69' lang='lat' dir='ltr'><strong>qualos</strong></span> 
     </span>
     <span class='ocr_line' id='line_1_8' title="bbox 139 1266 1417 1359; baseline 0.002 -22"><span class='ocrx_word' id='word_1_51' title='bbox 139 1277 214 1338; x_wconf 90' lang='lat' dir='ltr'><strong>sunt</strong></span> <span class='ocrx_word' id='word_1_52' title='bbox 244 1271 331 1336; x_wconf 76' lang='grc' dir='ltr'><strong><em>πλέον</em></strong></span> <span class='ocrx_word' id='word_1_53' title='bbox 361 1269 441 1350; x_wconf 78' lang='grc' dir='ltr'><strong><em>ἔχειν</em></strong></span> <span class='ocrx_word' id='word_1_54' title='bbox 471 1273 504 1335; x_wconf 90' lang='lat' dir='ltr'><strong>et</strong></span> <span class='ocrx_word' id='word_1_55' title='bbox 533 1266 657 1334; x_wconf 78' lang='grc' dir='ltr'><strong>ἔισσσνν</strong></span> <span class='ocrx_word' id='word_1_56' title='bbox 689 1268 788 1355; x_wconf 79' lang='grc' dir='ltr'><strong>ἔχειν,</strong></span> <span class='ocrx_word' id='word_1_57' title='bbox 815 1289 887 1335; x_wconf 89' lang='lat' dir='ltr'><strong>cum</strong></span> <span class='ocrx_word' id='word_1_58' title='bbox 911 1268 1137 1354; x_wconf 75' lang='lat' dir='ltr'><strong>comparativis</strong></span> <span class='ocrx_word' id='word_1_59' title='bbox 1160 1270 1322 1359; x_wconf 79' lang='lat' dir='ltr'><strong>conjungi</strong></span> <span class='ocrx_word' id='word_1_60' title='bbox 1346 1279 1417 1343; x_wconf 78' lang='lat' dir='ltr'><strong>ncta</strong></span> 
     </span>
     <span class='ocr_line' id='line_1_9' title="bbox 139 1387 1416 1478; baseline 0.004 -21"><span class='ocrx_word' id='word_1_61' title='bbox 139 1411 191 1457; x_wconf 89' lang='lat' dir='ltr'><strong>res</strong></span> <span class='ocrx_word' id='word_1_62' title='bbox 224 1394 291 1467; x_wconf 91' lang='lat' dir='ltr'><strong>est;</strong></span> <span class='ocrx_word' id='word_1_63' title='bbox 325 1409 487 1473; x_wconf 86' lang='lat' dir='ltr'><strong>nusquam</strong></span> <span class='ocrx_word' id='word_1_64' title='bbox 517 1392 624 1454; x_wconf 90' lang='lat' dir='ltr'><strong>autem</strong></span> <span class='ocrx_word' id='word_1_65' title='bbox 657 1388 801 1473; x_wconf 85' lang='lat' dir='ltr'><strong>suppetit</strong></span> <span class='ocrx_word' id='word_1_66' title='bbox 832 1387 1032 1474; x_wconf 86' lang='lat' dir='ltr'><strong>exemplum,</strong></span> <span class='ocrx_word' id='word_1_67' title='bbox 1062 1389 1096 1455; x_wconf 93' lang='lat' dir='ltr'><strong>in</strong></span> <span class='ocrx_word' id='word_1_68' title='bbox 1127 1410 1191 1474; x_wconf 89' lang='lat' dir='ltr'><strong>quc</strong></span> <span class='ocrx_word' id='word_1_69' title='bbox 1225 1392 1416 1478; x_wconf 75' lang='lat' dir='ltr'><strong>superlativi</strong></span> 
     </span>
     <span class='ocr_line' id='line_1_10' title="bbox 138 1505 1414 1597; baseline 0.005 -23"><span class='ocrx_word' id='word_1_70' title='bbox 138 1509 227 1576; x_wconf 92' lang='lat' dir='ltr'><strong>notio</strong></span> <span class='ocrx_word' id='word_1_71' title='bbox 247 1510 342 1596; x_wconf 87' lang='lat' dir='ltr'><strong>juxta</strong></span> <span class='ocrx_word' id='word_1_72' title='bbox 364 1507 476 1588; x_wconf 76' lang='grc' dir='ltr'><strong><em>ἔχειν</em></strong></span> <span class='ocrx_word' id='word_1_73' title='bbox 467 1507 588 1574; x_wconf 82' lang='lat' dir='ltr'><strong>mreuit</strong></span> <span class='ocrx_word' id='word_1_74' title='bbox 590 1528 638 1573; x_wconf 90' lang='lat' dir='ltr'><strong>nr.</strong></span> <span class='ocrx_word' id='word_1_75' title='bbox 679 1506 768 1585; x_wconf 79' lang='lat' dir='ltr'><strong>Quae</strong></span> <span class='ocrx_word' id='word_1_76' title='bbox 791 1505 853 1574; x_wconf 86' lang='lat' dir='ltr'><strong>fuit</strong></span> <span class='ocrx_word' id='word_1_77' title='bbox 875 1528 990 1585; x_wconf 88' lang='lat' dir='ltr'><strong>causa,</strong></span> <span class='ocrx_word' id='word_1_78' title='bbox 1008 1529 1066 1574; x_wconf 91' lang='lat' dir='ltr'><strong>cur</strong></span> <span class='ocrx_word' id='word_1_79' title='bbox 1081 1507 1152 1595; x_wconf 87' lang='lat' dir='ltr'><strong>ulii,</strong></span> <span class='ocrx_word' id='word_1_80' title='bbox 1171 1514 1209 1576; x_wconf 92' lang='lat' dir='ltr'><strong>ut</strong></span> <span class='ocrx_word' id='word_1_81' title='bbox 1225 1509 1414 1597; x_wconf 76' lang='lat' dir='ltr'><strong>Krnegerus</strong></span> 
     </span>
    </p>

    <p class='ocr_par' dir='ltr' id='par_1_4' title="bbox 119 1626 1414 3510">
     <span class='ocr_line' id='line_1_11' title="bbox 139 1626 1414 1716; baseline 0.006 -21.319"><span class='ocrx_word' id='word_1_82' title='bbox 139 1628 445 1706; x_wconf 83' lang='lat' dir='ltr'><strong>et,Herwsrdeuus</strong></span> <span class='ocrx_word' id='word_1_83' title='bbox 468 1635 607 1694; x_wconf 70' lang='grc' dir='ltr'><strong>πλεῖστον</strong></span> <span class='ocrx_word' id='word_1_84' title='bbox 630 1627 786 1694; x_wconf 83' lang='lat' dir='ltr'><strong>mutarint</strong></span> <span class='ocrx_word' id='word_1_85' title='bbox 807 1627 841 1693; x_wconf 91' lang='lat' dir='ltr'><strong>in</strong></span> <span class='ocrx_word' id='word_1_86' title='bbox 862 1626 967 1708; x_wconf 73' lang='grc' dir='ltr'><strong><em>πλέον,</em></strong></span> <span class='ocrx_word' id='word_1_87' title='bbox 984 1627 1056 1707; x_wconf 87' lang='lat' dir='ltr'><strong>alii,</strong></span> <span class='ocrx_word' id='word_1_88' title='bbox 1074 1626 1199 1697; x_wconf 85' lang='lat' dir='ltr'><strong>Stahlio</strong></span> <span class='ocrx_word' id='word_1_89' title='bbox 1214 1638 1414 1716; x_wconf 84' lang='lat' dir='ltr'><strong>praeeunte,</strong></span> 
     </span>
     <span class='ocr_line' id='line_1_12' title="bbox 138 1743 1413 1833; baseline 0.005 -19"><span class='ocrx_word' id='word_1_90' title='bbox 138 1768 198 1833; x_wconf 92' lang='lat' dir='ltr'><strong>pro</strong></span> <span class='ocrx_word' id='word_1_91' title='bbox 222 1745 359 1832; x_wconf 86' lang='lat' dir='ltr'><strong>simplici</strong></span> <span class='ocrx_word' id='word_1_92' title='bbox 381 1743 481 1813; x_wconf 86' lang='lat' dir='ltr'><strong>verbo</strong></span> <span class='ocrx_word' id='word_1_93' title='bbox 505 1745 708 1813; x_wconf 84' lang='lat' dir='ltr'><strong>emendarint</strong></span> <span class='ocrx_word' id='word_1_94' title='bbox 731 1748 930 1826; x_wconf 76' lang='grc' dir='ltr'><strong>σερισχήσειν.</strong></span> <span class='ocrx_word' id='word_1_95' title='bbox 976 1746 1057 1813; x_wconf 80' lang='lat' dir='ltr'><strong>Cum</strong></span> <span class='ocrx_word' id='word_1_96' title='bbox 1080 1753 1189 1814; x_wconf 88' lang='lat' dir='ltr'><strong>antem</strong></span> <span class='ocrx_word' id='word_1_97' title='bbox 1209 1768 1329 1819; x_wconf 89' lang='lat' dir='ltr'><strong>omues</strong></span> <span class='ocrx_word' id='word_1_98' title='bbox 1344 1751 1413 1820; x_wconf 88' lang='lat' dir='ltr'><strong>libri</strong></span> 
     </span>
     <span class='ocr_line' id='line_1_13' title="bbox 138 1864 1414 1957; baseline 0.007 -26"><span class='ocrx_word' id='word_1_99' title='bbox 138 1873 276 1932; x_wconf 69' lang='grc' dir='ltr'><strong><em>πλεῖστον</em></strong></span> <span class='ocrx_word' id='word_1_100' title='bbox 310 1869 480 1945; x_wconf 87' lang='lat' dir='ltr'><strong>tueantur,</strong></span> <span class='ocrx_word' id='word_1_101' title='bbox 516 1864 619 1932; x_wconf 89' lang='lat' dir='ltr'><strong>leuius</strong></span> <span class='ocrx_word' id='word_1_102' title='bbox 655 1886 726 1932; x_wconf 87' lang='lat' dir='ltr'><strong>esse</strong></span> <span class='ocrx_word' id='word_1_103' title='bbox 761 1865 857 1933; x_wconf 91' lang='lat' dir='ltr'><strong>credo</strong></span> <span class='ocrx_word' id='word_1_104' title='bbox 891 1866 1049 1952; x_wconf 83' lang='lat' dir='ltr'><strong>corrigere</strong></span> <span class='ocrx_word' id='word_1_105' title='bbox 1083 1869 1296 1949; x_wconf 72' lang='grc' dir='ltr'><strong>σερισχιὶσειν,</strong></span> <span class='ocrx_word' id='word_1_106' title='bbox 1332 1869 1414 1957; x_wconf 90' lang='lat' dir='ltr'><strong>quod</strong></span> 
     </span>
     <span class='ocr_line' id='line_1_14' title="bbox 139 1984 1413 2075; baseline 0.006 -24"><span class='ocrx_word' id='word_1_107' title='bbox 139 1985 235 2053; x_wconf 86' lang='lat' dir='ltr'><strong>facile</strong></span> <span class='ocrx_word' id='word_1_108' title='bbox 258 1987 292 2052; x_wconf 92' lang='lat' dir='ltr'><strong>iu</strong></span> <span class='ocrx_word' id='word_1_109' title='bbox 316 1986 451 2071; x_wconf 85' lang='lat' dir='ltr'><strong>simplex</strong></span> <span class='ocrx_word' id='word_1_110' title='bbox 473 1984 604 2052; x_wconf 85' lang='lat' dir='ltr'><strong>verbnm</strong></span> <span class='ocrx_word' id='word_1_111' title='bbox 627 1984 717 2052; x_wconf 89' lang='lat' dir='ltr'><strong>abire</strong></span> <span class='ocrx_word' id='word_1_112' title='bbox 740 1985 863 2073; x_wconf 84' lang='lat' dir='ltr'><strong>potuit,</strong></span> <span class='ocrx_word' id='word_1_113' title='bbox 887 1985 914 2052; x_wconf 92' lang='lat' dir='ltr'><strong>si</strong></span> <span class='ocrx_word' id='word_1_114' title='bbox 937 1985 1000 2066; x_wconf 78' lang='grc' dir='ltr'><strong>περὶ</strong></span> <span class='ocrx_word' id='word_1_115' title='bbox 1018 1984 1209 2071; x_wconf 89' lang='lat' dir='ltr'><strong>compendio</strong></span> <span class='ocrx_word' id='word_1_116' title='bbox 1224 2007 1413 2075; x_wconf 85' lang='lat' dir='ltr'><strong>expressum</strong></span> 
     </span>
     <span class='ocr_line' id='line_1_15' title="bbox 138 2102 1412 2192; baseline 0.002 -23"><span class='ocrx_word' id='word_1_117' title='bbox 138 2104 237 2171; x_wconf 87' lang='lat' dir='ltr'><strong>fuisse</strong></span> <span class='ocrx_word' id='word_1_118' title='bbox 260 2104 441 2172; x_wconf 90' lang='lat' dir='ltr'><strong>statuimus.</strong></span> <span class='ocrx_word' id='word_1_119' title='bbox 481 2102 671 2184; x_wconf 83' lang='lat' dir='ltr'><strong>Classenus,</strong></span> <span class='ocrx_word' id='word_1_120' title='bbox 695 2102 756 2169; x_wconf 87' lang='lat' dir='ltr'><strong>etsi</strong></span> <span class='ocrx_word' id='word_1_121' title='bbox 779 2102 926 2169; x_wconf 90' lang='lat' dir='ltr'><strong>concedit</strong></span> <span class='ocrx_word' id='word_1_122' title='bbox 945 2111 1083 2170; x_wconf 73' lang='grc' dir='ltr'><strong>σιεῑσσιν</strong></span> <span class='ocrx_word' id='word_1_123' title='bbox 1099 2104 1180 2186; x_wconf 76' lang='grc' dir='ltr'><strong><em>ἔχειν</em></strong></span> <span class='ocrx_word' id='word_1_124' title='bbox 1197 2109 1412 2192; x_wconf 78' lang='lat' dir='ltr'><strong>agraeeitale</strong></span> 
     </span>
     <span class='ocr_line' id='line_1_16' title="bbox 138 2223 1410 2311; baseline 0.006 -21"><span class='ocrx_word' id='word_1_125' title='bbox 138 2244 210 2290; x_wconf 92' lang='lat' dir='ltr'><strong>esse</strong></span> <span class='ocrx_word' id='word_1_126' title='bbox 240 2224 400 2304; x_wconf 85' lang='lat' dir='ltr'><strong>alienum,</strong></span> <span class='ocrx_word' id='word_1_127' title='bbox 429 2223 590 2310; x_wconf 83' lang='lat' dir='ltr'><strong>vulgatam</strong></span> <span class='ocrx_word' id='word_1_128' title='bbox 621 2228 729 2290; x_wconf 89' lang='lat' dir='ltr'><strong>tamen</strong></span> <span class='ocrx_word' id='word_1_129' title='bbox 761 2227 897 2289; x_wconf 90' lang='lat' dir='ltr'><strong>conatur</strong></span> <span class='ocrx_word' id='word_1_130' title='bbox 920 2243 1064 2290; x_wconf 84' lang='lat' dir='ltr'><strong>servare:</strong></span> <span class='ocrx_word' id='word_1_131' title='bbox 1091 2231 1254 2305; x_wconf 65' lang='lat' dir='ltr'><strong>,praeierat</strong></span> <span class='ocrx_word' id='word_1_132' title='bbox 1278 2228 1410 2311; x_wconf 71' lang='grc' dir='ltr'><strong>σχήσειν.</strong></span> 
     </span>
     <span class='ocr_line' id='line_1_17' title="bbox 138 2341 1411 2429; baseline 0.005 -19"><span class='ocrx_word' id='word_1_133' title='bbox 138 2342 232 2411; x_wconf 82' lang='lat' dir='ltr'><strong>Stahl</strong></span> <span class='ocrx_word' id='word_1_134' title='bbox 261 2345 319 2411; x_wconf 78' lang='lat' dir='ltr'><strong>hat</strong></span> <span class='ocrx_word' id='word_1_135' title='bbox 346 2343 441 2412; x_wconf 75' lang='lat' dir='ltr'><strong>datur</strong></span> <span class='ocrx_word' id='word_1_136' title='bbox 464 2350 604 2410; x_wconf 77' lang='grc' dir='ltr'><strong>πλεῖστον</strong></span> <span class='ocrx_word' id='word_1_137' title='bbox 627 2344 814 2424; x_wconf 71' lang='grc' dir='ltr'><strong>σερισχνὶσειν</strong></span> <span class='ocrx_word' id='word_1_138' title='bbox 837 2341 890 2408; x_wconf 79' lang='lat' dir='ltr'><strong>hir</strong></span> <span class='ocrx_word' id='word_1_139' title='bbox 912 2341 1094 2429; x_wconf 79' lang='lat' dir='ltr'><strong>notwendig</strong></span> <span class='ocrx_word' id='word_1_140' title='bbox 1115 2342 1282 2428; x_wconf 77' lang='lat' dir='ltr'><strong>gehalten.</strong></span> <span class='ocrx_word' id='word_1_141' title='bbox 1329 2347 1411 2416; x_wconf 74' lang='lat' dir='ltr'><strong>Ahar</strong></span> 
     </span>
     <span class='ocr_line' id='line_1_18' title="bbox 138 2461 1408 2550; baseline 0.003 -21"><span class='ocrx_word' id='word_1_142' title='bbox 138 2463 232 2529; x_wconf 93' lang='lat' dir='ltr'><strong>sollte</strong></span> <span class='ocrx_word' id='word_1_143' title='bbox 254 2463 307 2530; x_wconf 95' lang='lat' dir='ltr'><strong>bei</strong></span> <span class='ocrx_word' id='word_1_144' title='bbox 330 2464 403 2532; x_wconf 91' lang='lat' dir='ltr'><strong>dem</strong></span> <span class='ocrx_word' id='word_1_145' title='bbox 419 2462 600 2550; x_wconf 73' lang='lat' dir='ltr'><strong>geliufigeu</strong></span> <span class='ocrx_word' id='word_1_146' title='bbox 616 2461 788 2529; x_wconf 87' lang='lat' dir='ltr'><strong>Gsbrauch</strong></span> <span class='ocrx_word' id='word_1_147' title='bbox 804 2461 861 2529; x_wconf 89' lang='lat' dir='ltr'><strong>der</strong></span> <span class='ocrx_word' id='word_1_148' title='bbox 876 2461 1064 2530; x_wconf 79' lang='lat' dir='ltr'><strong>husdricke</strong></span> <span class='ocrx_word' id='word_1_149' title='bbox 1080 2461 1168 2528; x_wconf 70' lang='lat' dir='ltr'><strong>rator</strong></span> <span class='ocrx_word' id='word_1_150' title='bbox 1183 2464 1253 2530; x_wconf 93' lang='lat' dir='ltr'><strong>und</strong></span> <span class='ocrx_word' id='word_1_151' title='bbox 1271 2473 1408 2533; x_wconf 75' lang='grc' dir='ltr'><strong><em>πλεῖστον</em></strong></span> 
     </span>
     <span class='ocr_line' id='line_1_19' title="bbox 119 2579 1407 2665; baseline 0.002 -15"><span class='ocrx_word' id='word_1_152' title='bbox 119 2586 217 2665; x_wconf 80' lang='grc' dir='ltr'><strong><em>-ἕχειν</em></strong></span> <span class='ocrx_word' id='word_1_153' title='bbox 250 2605 322 2651; x_wconf 85' lang='lat' dir='ltr'><strong>vom</strong></span> <span class='ocrx_word' id='word_1_154' title='bbox 353 2584 479 2651; x_wconf 87' lang='lat' dir='ltr'><strong>Vorteil</strong></span> <span class='ocrx_word' id='word_1_155' title='bbox 509 2581 577 2649; x_wconf 89' lang='lat' dir='ltr'><strong>und</strong></span> <span class='ocrx_word' id='word_1_156' title='bbox 608 2580 756 2648; x_wconf 88' lang='lat' dir='ltr'><strong>Nachteil</strong></span> <span class='ocrx_word' id='word_1_157' title='bbox 791 2581 835 2645; x_wconf 91' lang='lat' dir='ltr'><strong>im</strong></span> <span class='ocrx_word' id='word_1_158' title='bbox 869 2580 989 2664; x_wconf 86' lang='lat' dir='ltr'><strong>Kriege</strong></span> <span class='ocrx_word' id='word_1_159' title='bbox 1014 2579 1048 2646; x_wconf 94' lang='lat' dir='ltr'><strong>iu</strong></span> <span class='ocrx_word' id='word_1_160' title='bbox 1082 2579 1287 2665; x_wconf 80' lang='lat' dir='ltr'><strong>geeigustem</strong></span> <span class='ocrx_word' id='word_1_161' title='bbox 1322 2585 1407 2653; x_wconf 80' lang='lat' dir='ltr'><strong>Folle</strong></span> 
     </span>
     <span class='ocr_line' id='line_1_20' title="bbox 135 2700 1408 2792; baseline 0.004 -23"><span class='ocrx_word' id='word_1_162' title='bbox 135 2704 225 2770; x_wconf 92' lang='lat' dir='ltr'><strong>nicht</strong></span> <span class='ocrx_word' id='word_1_163' title='bbox 248 2704 331 2771; x_wconf 93' lang='lat' dir='ltr'><strong>auch</strong></span> <span class='ocrx_word' id='word_1_164' title='bbox 355 2704 413 2770; x_wconf 90' lang='lat' dir='ltr'><strong>der</strong></span> <span class='ocrx_word' id='word_1_165' title='bbox 436 2701 616 2788; x_wconf 83' lang='lat' dir='ltr'><strong>Superlatir</strong></span> <span class='ocrx_word' id='word_1_166' title='bbox 640 2701 799 2768; x_wconf 91' lang='lat' dir='ltr'><strong>eiutreten</strong></span> <span class='ocrx_word' id='word_1_167' title='bbox 822 2701 974 2767; x_wconf 79' lang='lat' dir='ltr'><strong>klinuen?</strong></span> <span class='ocrx_word' id='word_1_168' title='bbox 1017 2701 1079 2767; x_wconf 81' lang='lat' dir='ltr'><strong>Ein</strong></span> <span class='ocrx_word' id='word_1_169' title='bbox 1102 2700 1242 2769; x_wconf 85' lang='lat' dir='ltr'><strong>anderes</strong></span> <span class='ocrx_word' id='word_1_170' title='bbox 1266 2703 1408 2792; x_wconf 86' lang='lat' dir='ltr'><strong>Beispiel</strong></span> 
     </span>
     <span class='ocr_line' id='line_1_21' title="bbox 134 2819 1410 2905; baseline 0.003 -15"><span class='ocrx_word' id='word_1_171' title='bbox 134 2823 230 2891; x_wconf 83' lang='lat' dir='ltr'><strong>dafiir</strong></span> <span class='ocrx_word' id='word_1_172' title='bbox 259 2825 364 2892; x_wconf 86' lang='lat' dir='ltr'><strong>kenne</strong></span> <span class='ocrx_word' id='word_1_173' title='bbox 390 2825 443 2891; x_wconf 92' lang='lat' dir='ltr'><strong>ich</strong></span> <span class='ocrx_word' id='word_1_174' title='bbox 466 2823 591 2890; x_wconf 85' lang='lat' dir='ltr'><strong>frsilich</strong></span> <span class='ocrx_word' id='word_1_175' title='bbox 614 2823 713 2889; x_wconf 90' lang='lat' dir='ltr'><strong>nicht.</strong></span> <span class='ocrx_word' id='word_1_176' title='bbox 759 2819 881 2889; x_wconf 87' lang='lat' dir='ltr'><strong>Valla&#39;s</strong></span> <span class='ocrx_word' id='word_1_177' title='bbox 905 2820 1161 2905; x_wconf 84' lang='lat' dir='ltr'><strong>Uebersetzung:</strong></span> <span class='ocrx_word' id='word_1_178' title='bbox 1187 2842 1245 2902; x_wconf 91' lang='lat' dir='ltr'><strong>„se</strong></span> <span class='ocrx_word' id='word_1_179' title='bbox 1270 2827 1410 2894; x_wconf 87' lang='lat' dir='ltr'><strong>maxime</strong></span> 
     </span>
     <span class='ocr_line' id='line_1_22' title="bbox 134 2937 1410 3031; baseline 0.003 -20"><span class='ocrx_word' id='word_1_180' title='bbox 134 2945 315 3031; x_wconf 87' lang='lat' dir='ltr'><strong>superiores</strong></span> <span class='ocrx_word' id='word_1_181' title='bbox 346 2940 433 3010; x_wconf 87' lang='lat' dir='ltr'><strong>fore&#39;&#39;</strong></span> <span class='ocrx_word' id='word_1_182' title='bbox 466 2941 590 3009; x_wconf 84' lang='lat' dir='ltr'><strong>scheiut</strong></span> <span class='ocrx_word' id='word_1_183' title='bbox 620 2941 725 3007; x_wconf 89' lang='lat' dir='ltr'><strong>nichts</strong></span> <span class='ocrx_word' id='word_1_184' title='bbox 756 2939 809 3005; x_wconf 87' lang='lat' dir='ltr'><strong>liir</strong></span> <span class='ocrx_word' id='word_1_185' title='bbox 841 2940 1029 3020; x_wconf 76' lang='grc' dir='ltr'><strong>σερισχῆσειν</strong></span> <span class='ocrx_word' id='word_1_186' title='bbox 1058 2960 1098 3004; x_wconf 86' lang='lat' dir='ltr'><strong>zu</strong></span> <span class='ocrx_word' id='word_1_187' title='bbox 1121 2937 1304 3012; x_wconf 83' lang='lat' dir='ltr'><strong>beweisen:</strong></span> <span class='ocrx_word' id='word_1_188' title='bbox 1330 2946 1410 3015; x_wconf 85' lang='lat' dir='ltr'><strong>deun</strong></span> 
     </span>
     <span class='ocr_line' id='line_1_23' title="bbox 133 3055 1410 3146; baseline -0.002 -17"><span class='ocrx_word' id='word_1_189' title='bbox 133 3063 190 3129; x_wconf 87' lang='lat' dir='ltr'><strong>wie</strong></span> <span class='ocrx_word' id='word_1_190' title='bbox 221 3083 257 3129; x_wconf 89' lang='lat' dir='ltr'><strong>er</strong></span> <span class='ocrx_word' id='word_1_191' title='bbox 287 3060 374 3126; x_wconf 70' lang='lat' dir='ltr'><strong>erata</strong></span> <span class='ocrx_word' id='word_1_192' title='bbox 405 3062 488 3141; x_wconf 75' lang='grc' dir='ltr'><strong><em>ἔχειν</em></strong></span> <span class='ocrx_word' id='word_1_193' title='bbox 520 3059 620 3125; x_wconf 88' lang='lat' dir='ltr'><strong>durch</strong></span> <span class='ocrx_word' id='word_1_194' title='bbox 653 3058 900 3144; x_wconf 91' lang='lat' dir='ltr'><strong>superiorem</strong></span> <span class='ocrx_word' id='word_1_195' title='bbox 931 3078 1019 3124; x_wconf 87' lang='lat' dir='ltr'><strong>esse</strong></span> <span class='ocrx_word' id='word_1_196' title='bbox 1050 3055 1255 3146; x_wconf 83' lang='lat' dir='ltr'><strong>wiedergibt‚</strong></span> <span class='ocrx_word' id='word_1_197' title='bbox 1293 3064 1410 3135; x_wconf 74' lang='lat' dir='ltr'><strong>druell</strong></span> 
     </span>
     <span class='ocr_line' id='line_1_24' title="bbox 133 3175 1409 3266; baseline 0.002 -19"><span class='ocrx_word' id='word_1_198' title='bbox 133 3201 168 3247; x_wconf 91' lang='lat' dir='ltr'><strong>er</strong></span> <span class='ocrx_word' id='word_1_199' title='bbox 200 3180 262 3248; x_wconf 92' lang='lat' dir='ltr'><strong>deu</strong></span> <span class='ocrx_word' id='word_1_200' title='bbox 294 3179 475 3265; x_wconf 85' lang='lat' dir='ltr'><strong>Superlativ</strong></span> <span class='ocrx_word' id='word_1_201' title='bbox 505 3178 607 3245; x_wconf 88' lang='lat' dir='ltr'><strong>durch</strong></span> <span class='ocrx_word' id='word_1_202' title='bbox 639 3179 754 3244; x_wconf 85' lang='lat' dir='ltr'><strong>Zusatz</strong></span> <span class='ocrx_word' id='word_1_203' title='bbox 778 3176 942 3243; x_wconf 84' lang='lat' dir='ltr'><strong>maxime</strong></span> <span class='ocrx_word' id='word_1_204' title='bbox 967 3175 1053 3243; x_wconf 83' lang='lat' dir='ltr'><strong>aus’&#39;.</strong></span> <span class='ocrx_word' id='word_1_205' title='bbox 1098 3177 1147 3243; x_wconf 90' lang='lat' dir='ltr'><strong>De</strong></span> <span class='ocrx_word' id='word_1_206' title='bbox 1170 3180 1409 3266; x_wconf 76' lang='lat' dir='ltr'><strong>conjecturae</strong></span> 
     </span>
     <span class='ocr_line' id='line_1_25' title="bbox 131 3293 1413 3383; baseline 0.001 -18"><span class='ocrx_word' id='word_1_207' title='bbox 131 3299 199 3365; x_wconf 85' lang='lat' dir='ltr'><strong>viro</strong></span> <span class='ocrx_word' id='word_1_208' title='bbox 235 3298 329 3365; x_wconf 89' lang='lat' dir='ltr'><strong>docto</strong></span> <span class='ocrx_word' id='word_1_209' title='bbox 366 3318 534 3383; x_wconf 87' lang='lat' dir='ltr'><strong>expressa,</strong></span> <span class='ocrx_word' id='word_1_210' title='bbox 569 3296 709 3363; x_wconf 88' lang='lat' dir='ltr'><strong>fortasse</strong></span> <span class='ocrx_word' id='word_1_211' title='bbox 740 3301 879 3359; x_wconf 73' lang='grc' dir='ltr'><strong><em>πλεῖστον</em></strong></span> <span class='ocrx_word' id='word_1_212' title='bbox 909 3293 989 3375; x_wconf 82' lang='grc' dir='ltr'><strong><em>ἔχειν</em></strong></span> <span class='ocrx_word' id='word_1_213' title='bbox 1021 3300 1149 3361; x_wconf 87' lang='lat' dir='ltr'><strong>exstare</strong></span> <span class='ocrx_word' id='word_1_214' title='bbox 1181 3317 1300 3382; x_wconf 85' lang='lat' dir='ltr'><strong>posse,</strong></span> <span class='ocrx_word' id='word_1_215' title='bbox 1336 3302 1413 3371; x_wconf 85' lang='lat' dir='ltr'><strong>nihil</strong></span> 
     </span>
     <span class='ocr_line' id='line_1_26' title="bbox 132 3413 1411 3510; baseline -0.002 -27"><span class='ocrx_word' id='word_1_216' title='bbox 132 3417 245 3484; x_wconf 90' lang='lat' dir='ltr'><strong>dicam.</strong></span> <span class='ocrx_word' id='word_1_217' title='bbox 293 3416 385 3495; x_wconf 86' lang='lat' dir='ltr'><strong>Quod</strong></span> <span class='ocrx_word' id='word_1_218' title='bbox 416 3421 524 3483; x_wconf 89' lang='lat' dir='ltr'><strong>tamen</strong></span> <span class='ocrx_word' id='word_1_219' title='bbox 555 3415 597 3482; x_wconf 86' lang='lat' dir='ltr'><strong>ad</strong></span> <span class='ocrx_word' id='word_1_220' title='bbox 628 3413 912 3501; x_wconf 84' lang='lat' dir='ltr'><strong>argumentationis</strong></span> <span class='ocrx_word' id='word_1_221' title='bbox 945 3413 1080 3480; x_wconf 86' lang='lat' dir='ltr'><strong>alteram</strong></span> <span class='ocrx_word' id='word_1_222' title='bbox 1111 3413 1229 3482; x_wconf 85' lang='lat' dir='ltr'><strong>attinet</strong></span> <span class='ocrx_word' id='word_1_223' title='bbox 1261 3427 1411 3510; x_wconf 70' lang='lat' dir='ltr'><strong>partam,</strong></span> 
     </span>
    </p>
   </div>
   <div class='ocr_carea' id='block_1_3' title="bbox 131 3546 1413 4230">
    <p class='ocr_par' dir='ltr' id='par_1_5' title="bbox 131 3546 1413 4230">
     <span class='ocr_line' id='line_1_27' title="bbox 133 3546 1411 3633; baseline 0.005 -15"><span class='ocrx_word' id='word_1_224' title='bbox 133 3550 260 3618; x_wconf 90' lang='lat' dir='ltr'><strong>duabus</strong></span> <span class='ocrx_word' id='word_1_225' title='bbox 294 3551 327 3617; x_wconf 93' lang='lat' dir='ltr'><strong>iu</strong></span> <span class='ocrx_word' id='word_1_226' title='bbox 362 3550 458 3616; x_wconf 89' lang='lat' dir='ltr'><strong>rebus</strong></span> <span class='ocrx_word' id='word_1_227' title='bbox 494 3571 514 3615; x_wconf 89' lang='lat' dir='ltr'><strong>a</strong></span> <span class='ocrx_word' id='word_1_228' title='bbox 548 3548 701 3616; x_wconf 82' lang='lat' dir='ltr'><strong>Classeuo</strong></span> <span class='ocrx_word' id='word_1_229' title='bbox 733 3548 834 3626; x_wconf 89' lang='lat' dir='ltr'><strong>disto,</strong></span> <span class='ocrx_word' id='word_1_230' title='bbox 867 3567 906 3614; x_wconf 86' lang='lat' dir='ltr'><strong>ac</strong></span> <span class='ocrx_word' id='word_1_231' title='bbox 935 3547 1040 3633; x_wconf 91' lang='lat' dir='ltr'><strong>primo</strong></span> <span class='ocrx_word' id='word_1_232' title='bbox 1071 3546 1201 3632; x_wconf 89' lang='lat' dir='ltr'><strong>quidem</strong></span> <span class='ocrx_word' id='word_1_233' title='bbox 1232 3571 1359 3624; x_wconf 87' lang='lat' dir='ltr'><strong>moneo</strong></span> <span class='ocrx_word' id='word_1_234' title='bbox 1379 3557 1411 3623; x_wconf 93' lang='lat' dir='ltr'><strong>iu</strong></span> 
     </span>
     <span class='ocr_line' id='line_1_28' title="bbox 132 3665 1413 3758; baseline 0.005 -22"><span class='ocrx_word' id='word_1_235' title='bbox 132 3671 276 3756; x_wconf 87' lang='lat' dir='ltr'><strong>proxime</strong></span> <span class='ocrx_word' id='word_1_236' title='bbox 299 3668 565 3756; x_wconf 88' lang='lat' dir='ltr'><strong>praecedentibus</strong></span> <span class='ocrx_word' id='word_1_237' title='bbox 588 3667 612 3758; x_wconf 64' lang='grc' dir='ltr'>ξ</span> <span class='ocrx_word' id='word_1_238' title='bbox 636 3669 655 3732; x_wconf 84' lang='grc'>2</span> <span class='ocrx_word' id='word_1_239' title='bbox 681 3672 714 3734; x_wconf 91' lang='lat' dir='ltr'><strong>et</strong></span> <span class='ocrx_word' id='word_1_240' title='bbox 735 3665 760 3757; x_wconf 66' lang='grc' dir='ltr'>ξ</span> <span class='ocrx_word' id='word_1_241' title='bbox 783 3669 804 3731; x_wconf 88' lang='lat'><strong>3</strong></span> <span class='ocrx_word' id='word_1_242' title='bbox 826 3665 961 3732; x_wconf 90' lang='lat' dir='ltr'><strong>inveniri</strong></span> <span class='ocrx_word' id='word_1_243' title='bbox 984 3665 1072 3730; x_wconf 72' lang='lat' dir='ltr'><strong>antor</strong></span> <span class='ocrx_word' id='word_1_244' title='bbox 1095 3666 1175 3746; x_wconf 84' lang='grc' dir='ltr'><strong><em>ἔχειν</em></strong></span> <span class='ocrx_word' id='word_1_245' title='bbox 1199 3671 1235 3732; x_wconf 92' lang='lat' dir='ltr'><strong>et</strong></span> <span class='ocrx_word' id='word_1_246' title='bbox 1250 3671 1306 3737; x_wconf 78' lang='grc' dir='ltr'><strong>οὐκ</strong></span> <span class='ocrx_word' id='word_1_247' title='bbox 1322 3673 1413 3742; x_wconf 70' lang='grc' dir='ltr'><strong>ἐνισσ-</strong></span> 
     </span>
     <span class='ocr_line' id='line_1_29' title="bbox 132 3781 1412 3879; baseline 0.002 -24"><span class='ocrx_word' id='word_1_248' title='bbox 132 3815 181 3855; x_wconf 82' lang='grc' dir='ltr'><strong>σιν</strong></span> <span class='ocrx_word' id='word_1_249' title='bbox 212 3791 346 3875; x_wconf 75' lang='grc' dir='ltr'><strong>σχήσειν,</strong></span> <span class='ocrx_word' id='word_1_250' title='bbox 380 3809 464 3872; x_wconf 88' lang='lat' dir='ltr'><strong>quae</strong></span> <span class='ocrx_word' id='word_1_251' title='bbox 499 3787 596 3855; x_wconf 88' lang='lat' dir='ltr'><strong>Valla</strong></span> <span class='ocrx_word' id='word_1_252' title='bbox 627 3808 693 3854; x_wconf 92' lang='lat' dir='ltr'><strong>non</strong></span> <span class='ocrx_word' id='word_1_253' title='bbox 722 3807 782 3873; x_wconf 90' lang='lat' dir='ltr'><strong>per</strong></span> <span class='ocrx_word' id='word_1_254' title='bbox 811 3784 1078 3872; x_wconf 80' lang='lat' dir='ltr'><strong>„superiorem</strong></span> <span class='ocrx_word' id='word_1_255' title='bbox 1113 3781 1220 3851; x_wconf 87' lang='lat' dir='ltr'><strong>esse&#39;’</strong></span> <span class='ocrx_word' id='word_1_256' title='bbox 1258 3790 1321 3857; x_wconf 91' lang='lat' dir='ltr'><strong>sed</strong></span> <span class='ocrx_word' id='word_1_257' title='bbox 1356 3814 1412 3879; x_wconf 87' lang='lat' dir='ltr'><strong>per</strong></span> 
     </span>
     <span class='ocr_line' id='line_1_30' title="bbox 135 3901 1412 4001; baseline -0.002 -25"><span class='ocrx_word' id='word_1_258' title='bbox 135 3910 243 3996; x_wconf 87' lang='lat' dir='ltr'><strong>„plus</strong></span> <span class='ocrx_word' id='word_1_259' title='bbox 277 3907 439 3976; x_wconf 86' lang='lat' dir='ltr'><strong>habere”</strong></span> <span class='ocrx_word' id='word_1_260' title='bbox 474 3912 507 3974; x_wconf 90' lang='lat' dir='ltr'><strong>et</strong></span> <span class='ocrx_word' id='word_1_261' title='bbox 543 3929 628 3988; x_wconf 83' lang='lat' dir='ltr'><strong>„nou</strong></span> <span class='ocrx_word' id='word_1_262' title='bbox 663 3907 767 3972; x_wconf 91' lang='lat' dir='ltr'><strong>minus</strong></span> <span class='ocrx_word' id='word_1_263' title='bbox 803 3901 927 3971; x_wconf 85' lang='lat' dir='ltr'><strong>valere&#39;&#39;</strong></span> <span class='ocrx_word' id='word_1_264' title='bbox 965 3904 1200 3989; x_wconf 89' lang='lat' dir='ltr'><strong>interpretatus</strong></span> <span class='ocrx_word' id='word_1_265' title='bbox 1233 3912 1296 3976; x_wconf 86' lang='lat' dir='ltr'><strong>est.</strong></span> <span class='ocrx_word' id='word_1_266' title='bbox 1346 3913 1412 4001; x_wconf 62' lang='lat' dir='ltr'><strong>an</strong></span> 
     </span>
     <span class='ocr_line' id='line_1_31' title="bbox 131 4023 1409 4121; baseline 0 -23"><span class='ocrx_word' id='word_1_267' title='bbox 131 4037 242 4098; x_wconf 86' lang='lat' dir='ltr'><strong>autem</strong></span> <span class='ocrx_word' id='word_1_268' title='bbox 272 4030 360 4095; x_wconf 72' lang='grc' dir='ltr'><strong><em>πλέον</em></strong></span> <span class='ocrx_word' id='word_1_269' title='bbox 391 4026 472 4108; x_wconf 81' lang='grc' dir='ltr'><strong><em>ἔχειν</em></strong></span> <span class='ocrx_word' id='word_1_270' title='bbox 503 4047 524 4093; x_wconf 89' lang='lat' dir='ltr'><strong>a</strong></span> <span class='ocrx_word' id='word_1_271' title='bbox 554 4025 649 4092; x_wconf 88' lang='lat' dir='ltr'><strong>Valla</strong></span> <span class='ocrx_word' id='word_1_272' title='bbox 679 4024 841 4091; x_wconf 89' lang='lat' dir='ltr'><strong>redditum</strong></span> <span class='ocrx_word' id='word_1_273' title='bbox 872 4044 943 4090; x_wconf 88' lang='lat' dir='ltr'><strong>esse</strong></span> <span class='ocrx_word' id='word_1_274' title='bbox 972 4043 1031 4109; x_wconf 91' lang='lat' dir='ltr'><strong>per</strong></span> <span class='ocrx_word' id='word_1_275' title='bbox 1057 4023 1278 4109; x_wconf 87' lang='lat' dir='ltr'><strong>„superiorem</strong></span> <span class='ocrx_word' id='word_1_276' title='bbox 1301 4032 1409 4121; x_wconf 84' lang='lat' dir='ltr'><strong>ssse”;</strong></span> 
     </span>
     <span class='ocr_line' id='line_1_32' title="bbox 131 4141 1408 4230; baseline 0.004 -15"><span class='ocrx_word' id='word_1_277' title='bbox 131 4156 199 4215; x_wconf 88' lang='lat' dir='ltr'><strong>tum</strong></span> <span class='ocrx_word' id='word_1_278' title='bbox 222 4148 367 4216; x_wconf 84' lang='lat' dir='ltr'><strong>Classeni</strong></span> <span class='ocrx_word' id='word_1_279' title='bbox 390 4145 699 4230; x_wconf 83' lang='lat' dir='ltr'><strong>argumentationem</strong></span> <span class='ocrx_word' id='word_1_280' title='bbox 723 4141 905 4208; x_wconf 87' lang='lat' dir='ltr'><strong>claudicare</strong></span> <span class='ocrx_word' id='word_1_281' title='bbox 928 4141 1074 4209; x_wconf 85' lang='lat' dir='ltr'><strong>existimo</strong></span> <span class='ocrx_word' id='word_1_282' title='bbox 1080 4168 1089 4220; x_wconf 90' lang='lat'>;</span> <span class='ocrx_word' id='word_1_283' title='bbox 1113 4162 1178 4225; x_wconf 88' lang='lat' dir='ltr'><strong>quo</strong></span> <span class='ocrx_word' id='word_1_284' title='bbox 1203 4145 1302 4215; x_wconf 91' lang='lat' dir='ltr'><strong>modo</strong></span> <span class='ocrx_word' id='word_1_285' title='bbox 1320 4151 1408 4219; x_wconf 85' lang='lat' dir='ltr'><strong>euim</strong></span> 
     </span>
    </p>
   </div>
   <div class='ocr_carea' id='block_1_4' title="bbox 112 4396 641 4464">
    <p class='ocr_par' dir='ltr' id='par_1_6' title="bbox 112 4396 641 4464">
     <span class='ocr_line' id='line_1_33' title="bbox 112 4396 641 4464; baseline 0 -14"><span class='ocrx_word' id='word_1_286' title='bbox 112 4424 124 4433; x_wconf 56' lang='lat'><strong>·÷</strong></span> <span class='ocrx_word' id='word_1_287' title='bbox 164 4396 193 4464; x_wconf 89' lang='lat' dir='ltr'><strong>l)</strong></span> <span class='ocrx_word' id='word_1_288' title='bbox 211 4399 241 4450; x_wconf 82' lang='lat' dir='ltr'><strong>cl.</strong></span> <span class='ocrx_word' id='word_1_289' title='bbox 261 4397 353 4450; x_wconf 81' lang='lat' dir='ltr'><strong>dasch.</strong></span> <span class='ocrx_word' id='word_1_290' title='bbox 371 4398 444 4450; x_wconf 84' lang='lat' dir='ltr'><strong>Pers.</strong></span> <span class='ocrx_word' id='word_1_291' title='bbox 462 4413 485 4451; x_wconf 85' lang='grc' dir='ltr'><strong>ν.</strong></span> <span class='ocrx_word' id='word_1_292' title='bbox 503 4397 564 4464; x_wconf 75' lang='lat' dir='ltr'><strong>ms,</strong></span> <span class='ocrx_word' id='word_1_293' title='bbox 585 4396 641 4450; x_wconf 76' lang='lat' dir='ltr'><strong>lul.</strong></span> 
     </span>
    </p>
   </div>
   <div class='ocr_carea' id='block_1_5' title="bbox 0 0 1554 4988">
    <p class='ocr_par' dir='ltr' id='par_1_7' title="bbox 0 0 1554 4988">
     <span class='ocr_line' id='line_1_34' title="bbox 0 0 1554 4988; baseline 0 2"><span class='ocrx_word' id='word_1_294' title='bbox 0 0 1554 4988; x_wconf 95' lang='lat' dir='ltr'><strong> </strong></span> 
     </span>
    </p>
   </div>
  </div>
 </body>
</html>
