3098 4988
752 324 795 389 73

179 561 285 646 Caput
309 561 351 626 25
375 559 399 651 ξ
425 562 454 628 1.
490 560 580 646 Vulg.
605 551 783 642 Σκιρωνίδου,
807 567 842 627 ut
864 560 973 628 Valla:
1001 560 1219 646 „Scironida’',
1243 569 1339 628 recte.
1378 557 1405 626 B

134 681 289 761 Κιρυνίδον.

180 798 205 890 ξ
229 801 250 866 3
274 799 365 885 Vulg.
389 799 612 884 ξυμμάχοις,
637 813 658 866 Β
681 808 740 873 τοῖς
764 799 951 882 ξυμμάχοις·
975 807 1146 884 utrumque
1167 801 1333 868 ferendum
1350 808 1409 868 est·

182 919 263 985 Ibid.
299 919 390 1004 Vulg.
426 918 670 999 προεξάρξιιιπει,
705 920 822 986 vitiosa
856 920 976 1000 lorma3
1012 941 1116 1004 neque
1150 921 1176 984 B
1212 927 1299 988 recte
1327 946 1407 999 προε·

137 1036 302 1114 ξιιϊξοινπες.
346 1036 531 1121 Legendum
555 1037 777 1121 προεξξιξνιιπει.
813 1039 924 1107 Valla:
961 1047 1013 1120 „et
1042 1041 1151 1126 Argivi
1174 1042 1271 1108 latius
1295 1064 1408 1126 expor-

139 1162 227 1222 recto
252 1176 309 1221 suo
333 1153 462 1224 cornu.'’

185 1272 210 1364 ξ
239 1274 269 1340 b.
304 1274 396 1359 Vulg.
431 1273 480 1339 κον)
514 1256 621 1352 ξυνέβη
754 1280 819 1348 τοὺς
850 1276 952 1349 ’Ίωννις
984 1279 1194 1367 ἀμφότερον
1217 1285 1273 1345 πῶν
1298 1284 1410 1359 Δωριῶν

141 1401 296 1473 sparteas.
331 1393 432 1459 Multo
456 1393 687 1479 significantius
711 1402 743 1462 et
766 1397 944 1463 sententiae
968 1399 1132 1481 aptissime
1155 1399 1274 1483 Blegit
1296 1401 1411 1479 ἀμφι·

142 1513 304 1596 repara,
346 1510 433 1594 quod
468 1512 564 1578 etiam
599 1512 694 1578 Valla
729 1514 824 1580 vidit:
867 1515 1027 1600 „Contigit
1062 1522 1096 1582 ut
1131 1516 1224 1582 Iones
1260 1515 1410 1598 utrinque

145 1633 265 1698 Dorum
279 1632 320 1715 (t)
344 1631 478 1698 victores
502 1630 702 1698 existerent.’'

190 1870 296 1955 Caput
320 1872 362 1935 26
386 1875 406 1953 ἓ
434 1870 461 1935 l.
486 1869 578 1955 Vulg.
601 1871 656 1943 τὰς
679 1869 750 1935 ἀπὸ
774 1873 1038 1948 Πελοποννήσου
1063 1870 1121 1936 uui
1146 1873 1317 1944 Σικελίνις

146 1989 284 2069 νοῦς,Β
314 1990 438 2056 inverso
468 1989 595 2055 ordina:
628 1989 688 2053 elui
720 1990 858 2062 Σικελίοις
890 1989 942 2054 rai
974 1991 1205 2067 [terrarubea
1235 1992 1320 2074 quod
1345 2012 1410 2057 cor·

145 2113 270 2174 rectum
293 2106 418 2172 videtur
440 2111 614 2190 propterea
636 2106 724 2190 quod
746 2107 780 2172 in
804 2106 1010 2191 sequentibus
1034 2108 1123 2192 prius
1144 2107 1184 2173 de
1201 2106 1413 2175 Siciliensium

147 2226 275 2294 auxiliis
300 2226 428 2292 disserit
459 2225 606 2307 scriptor.
653 2225 748 2292 Valla
772 2226 921 2310 vulgatae
945 2226 1106 2292 convenit:
1144 2247 1261 2312 „naves
1284 2249 1301 2292 a
1325 2228 1412 2294 Palo·

148 2367 292 2432 ponneso
317 2351 414 2430 atque
437 2366 455 2411 e
478 2344 614 2411 sieilia&

193 2466 273 2533 Ibid.
305 2464 395 2549 Vulg.
430 2465 651 2543 Σελινούντιοι,
687 2466 829 2543 ἑτοῖμοι,
864 2463 1120 2549 ξυναμφότερον
1143 2464 1170 2528 Β
1193 2471 1243 2532 ter
1266 2486 1414 2550 perverse

145 2585 248 2652 tradit
269 2584 480 2650 masculinum
503 2605 614 2668 genus.
659 2582 753 2649 Valla
776 2605 847 2649 cum
870 2583 998 2669 vulgata
1020 2582 1106 2651 facit.

189 2704 271 2770 Ibid.
297 2703 391 2788 Vulg.
415 2703 623 2768 κατέπλευσαν
645 2704 674 2773 ἐς
695 2701 835 2788 ’Έλεον,
861 2704 933 2790 (aut
948 2704 1074 2787 Ἐλεόν),
1100 2715 1120 2768 Β
1142 2704 1247 2784 Λὲρον
1266 2705 1304 2786 ¹),
1328 2704 1414 2787 quod

145 2821 272 2890 videtur
295 2841 506 2900 essenorum,
531 2820 682 2904 quoniam
705 2820 811 2886 insula
830 2822 991 2905 quaedam
1002 2822 1106 2892 Ἔλεος
1124 2821 1200 2887 alibi
1216 2843 1280 2887 non
1297 2842 1413 2888 mamo-

144 2945 245 3006 ratur.
271 2937 323 3005 Sic
345 2939 373 3003 B
397 2939 493 3004 etiam
518 2959 543 3004 ο.
561 2940 613 3004 27.
646 2938 845 3023 Quamquam
869 2940 957 3020 Λέρου
974 2939 1040 3005 fere
1055 2939 1260 3024 longinquius
1276 2961 1296 3004 a
1312 2939 1414 3005 Milite

145 3059 238 3126 abest
274 3079 369 3143 quem
404 3065 440 3124 ut
471 3061 487 3133 ἡ
519 3060 572 3138 πρὸ
604 3059 738 3132 Μίλητον
771 3068 850 3133 νῆσος
883 3058 1071 3143 appelletur.
1117 3058 1225 3125 Valla:
1260 3058 1412 3139 „Eleum”

145 3184 254 3244 nostro
278 3177 365 3255 loeo,
391 3177 496 3261 eapite
519 3183 626 3244 autem
651 3178 691 3243 27
710 3182 730 3260 ξ
749 3179 764 3242 l
783 3178 882 3243 tradit
900 3175 1066 3258 „Dernm'’,
1083 3177 1168 3259 quod
1186 3198 1282 3259 quam
1297 3197 1413 3260 parurn

146 3295 276 3362 differat
299 3318 319 3362 a
344 3295 510 3381 „Lerum’',
534 3317 626 3362 nemo
651 3317 716 3362 non
740 3297 834 3362 videt.

190 3413 214 3505 ξ
238 3417 268 3479 2.
294 3414 384 3499 Vulg.
408 3415 550 3490 'Iarrueb‚
576 3421 611 3481 ut
635 3414 739 3481 Valla.
775 3414 803 3478 B
827 3415 910 3481 male
933 3416 1078 3483 'Aeraria

189 3531 214 3622 ξ
238 3538 266 3600 3.
293 3534 385 3619 Vulg.
413 3540 498 3599 recte
521 3529 616 3618 οἷπερ,
641 3533 751 3600 Valla:
779 3534 903 3620 „illuc'’.
937 3533 964 3598 B
987 3531 1019 3598 οὖ
1043 3532 1122 3611 ὑπέρ.

193 3772 299 3856 Caput
335 3773 387 3838 27.
434 3770 661 3855 Paragraphus
700 3772 804 3837 altera
838 3772 983 3836 miserius
1017 3777 1068 3836 est
1105 3776 1277 3857 corrupta,
1317 3791 1414 3854 quam

148 3896 183 3956 ut
212 3909 288 3955 vera
320 3889 479 3972 scriptura
509 3889 708 3958 restituatur.
744 3889 848 3955 Lubet
877 3889 1010 3956 laudare
1042 3889 1155 3955 Vallae
1179 3889 1413 3972 interpretatio·

147 4029 235 4074 nem:
275 4006 427 4092 „Quoties
460 4006 571 4072 liceret
593 4013 708 4089 postea
732 4007 858 4090 planius
882 4028 977 4073 nosse
1000 4008 1150 4074 adversus
1173 4013 1251 4090 quot
1274 4007 1414 4072 hostium

149 4148 244 4194 naves
275 4131 431 4209 quantum
459 4126 529 4209 ipse
559 4125 687 4191 navium
718 4125 796 4191 satis
828 4124 968 4213 habeas,
997 4130 1029 4190 et
1050 4147 1109 4210 per
1132 4126 1232 4197 etium
1254 4125 1413 4191 instruere

182 4382 210 4447 l)
228 4382 260 4432 ct.
278 4381 358 4444 praet.
376 4394 433 4443 pag.
455 4377 526 4428 Vlll.
