3098 4988
676 335 719 400 41

57 588 81 642 Β
105 573 272 654 οὶντασας,
298 572 385 658 quod
410 573 536 640 Vallum
561 573 702 640 arbitror
721 573 917 658 expressisse
933 592 1010 639 voce
1029 571 1211 653 „ounotas''.
1234 572 1335 657 Prop-

60 699 154 760 terea
184 691 269 775 quod
302 691 399 757 duces
429 690 673 758 Atheniensium
706 691 802 758 duces
834 710 944 759 omnes
976 710 1074 756 naves
1098 689 1162 755 ὅσαι
1188 686 1262 766 ἦσαν
1285 689 1334 754 και

60 809 184 878 δυναταὶ
211 812 260 876 καὶ
284 810 485 892 ατλοώτεραι,
517 810 551 876 in
575 812 681 878 animo
705 810 868 878 habebant
890 807 1042 895 implere,
1067 808 1229 894 vulgatam
1251 805 1335 874 libro

61 928 222 998 Vaticano
244 936 416 1015 postpono.

106 1045 131 1138 ξ
154 1046 184 1113 5.
207 1046 300 1132 Vulg.
323 1047 337 1112 ὅ
359 1047 388 1112 δὲ
411 1046 518 1119 Νικίας
534 1094 543 1112 .
559 1098 567 1115 .
581 1094 588 1113 .
604 1097 611 1111 .
628 1046 693 1127 ὁρῶν
715 1045 860 1119 καὶτοὺς
883 1046 1066 1126 στρατιώτας
1089 1046 1129 1126 τῷ
1152 1069 1186 1110 τε
1202 1045 1285 1124 παρὰ
1304 1043 1337 1108 τὸ

59 1167 155 1238 εἰωθὸς
178 1164 254 1230 πολὺ
278 1170 345 1237 ταῖς
368 1163 451 1229 ναυσὶ
475 1167 649 1245 κρατηθῆναι
672 1166 855 1244 ἀθυμοῦντας
881 1167 929 1231 καὶ
952 1165 1001 1231 διὰ
1022 1168 1075 1240 τὴν
1098 1170 1154 1230 τῶν
1170 1163 1335 1240 ἐπιτηδείων

61 1283 169 1349 σντιὶνιν
191 1285 228 1355 ὡς
251 1281 389 1362 τάχιστα
410 1281 602 1360 βουλομένους
627 1282 850 1369 διακινδυνεύειν,
873 1282 1065 1361 ξυγκαλέσας
1090 1282 1229 1356 ἅπαντας
1246 1305 1336 1362 ταρε-

62 1400 236 1467 κελεύσατε.
282 1399 309 1464 Β
340 1404 373 1465 ot
403 1399 497 1466 Valla
528 1406 602 1467 ante
625 1400 699 1484 ,τοὺς
730 1400 914 1482 στρατιώτας
945 1404 1057 1467 carent
1086 1399 1247 1486 particula
1268 1400 1336 1476 uel,

67 1539 168 1604 quam
199 1517 371 1584 Olassenus
395 1516 482 1584 solus
505 1524 630 1585 tuetur:
667 1519 738 1586 Vat
762 1519 820 1585 hat
841 1522 889 1585 καὶ
915 1520 1013 1586 nicht.
1057 1520 1149 1586 Doch
1172 1519 1261 1586 halte
1284 1519 1337 1585 ioh

70 1659 106 1706 es
122 1639 204 1725 jetzt
226 1638 278 1703 fiir
302 1637 386 1704 wohl
407 1635 605 1722 begriindet‚
631 1638 673 1705 da
696 1638 747 1705 die
769 1659 869 1724 ganne
893 1637 1148 1724 voraufgehende
1171 1638 1338 1722 Beratnng

66 1777 128 1822 nur
163 1757 222 1821 mit
252 1755 315 1822 den
348 1753 516 1840 Strategen
547 1757 612 1823 und
643 1755 842 1825 Taxiarchen
864 1757 1014 1843 gehalten
1037 1756 1131 1824 war''.
1178 1755 1336 1841 vulgatae

65 1874 227 1942 sententia
257 1874 339 1942 haee
372 1873 414 1941 sit
449 1895 580 1943 neeesse
614 1882 683 1944 est:
720 1876 829 1944 Nicias
863 1876 974 1943 videus
1008 1898 1073 1944 non
1107 1876 1202 1942 modo
1238 1874 1335 1942 duces

64 1993 308 2061 Atheniensium
338 1993 517 2062 sedetiam
539 1995 657 2064 milites
684 1995 805 2064 fractos
828 2017 913 2082 esse,
939 2016 1048 2063 omnes
1073 2001 1263 2063 convocatos
1287 2000 1338 2061 est

66 2110 272 2179 adhortatus.
302 2111 345 2178 At
367 2112 465 2179 duces
488 2110 609 2180 frustm
636 2113 736 2181 fuisse
759 2115 867 2183 auimo
890 2135 955 2183 uon
978 2114 1112 2200 legimus
1128 2113 1167 2198 1).
1199 2110 1262 2178 Sed
1284 2110 1337 2178 fao

66 2232 130 2298 hoc
151 2231 200 2297 ita
223 2251 312 2309 esse,
337 2231 415 2318 quid
439 2230 537 2309 refert
561 2239 667 2306 utrum
691 2233 789 2301 duces
812 2234 954 2301 animum
972 2233 1200 2319 desponderint
1215 2235 1339 2297 neone?

73 2349 157 2416 Num
188 2356 283 2435 putes
314 2349 435 2417 Niciam
464 2372 529 2417 non
551 2351 764 2419 allocuturum
788 2352 887 2419 fuisse
912 2352 1143 2420 commilitones
1167 2373 1242 2419 suos
1266 2352 1293 2418 si
1315 2353 1339 2417 οἱ

65 2466 233 2549 στρατηγοὶ
274 2469 322 2533 καὶ
357 2469 382 2534 οἱ
415 2467 573 2549 ταξίαρχοι
606 2467 692 2536 bono
726 2467 863 2536 fuissent
898 2470 1026 2536 animo?
1062 2470 1104 2535 Et
1139 2490 1216 2536 sane
1248 2489 1340 2535 nemo

66 2584 237 2651 mirabitur
276 2586 450 2652 exercitum
489 2585 596 2654 animo
634 2584 790 2653 deiecisse
829 2593 904 2672 post
937 2591 986 2654 tot
1018 2592 1192 2671 tantusque
1230 2587 1339 2653 clades

65 2705 238 2788 acceptas!
273 2703 431 2782 Quocirca
460 2703 550 2771 nulla
580 2708 669 2770 extat
702 2725 800 2772 causa
823 2709 1076 2790 propterquam
1100 2706 1238 2790 scriptor
1264 2725 1340 2771 oon·

65 2821 151 2889 sulto
174 2820 337 2888 addiderit
357 2821 470 2888 inutile
493 2822 555 2888 nal.

117 3059 224 3145 Oaput
248 3061 289 3126 61
313 3057 338 3150 ξ
364 3064 391 3127 1.
423 3058 517 3144 Vulg.
548 3058 696 3139 ἑκάστοις,
729 3072 751 3125 Β
774 3060 906 3142 ἕκαστον,
938 3061 995 3127 sed
1025 3081 1083 3145 per
1110 3061 1340 3128 correctionem

68 3178 211 3254 ἑκάστοις.

113 3416 219 3501 Caput
242 3418 285 3483 62
309 3421 329 3500 ς
353 3418 384 3484 2.
414 3417 505 3483 Libri
536 3439 646 3486 omnes
670 3420 767 3486 etiam
789 3420 834 3486 B:
857 3418 907 3484 aul
935 3418 994 3500 γὰρ
1018 3417 1135 3497 τοξόται
1163 3420 1265 3487 πολλοὶ
1289 3426 1339 3484 καὶ

65 3535 235 3601 ἀκοντισταὶ
269 3535 459 3614 ἕτιβήσονται
492 3539 540 3603 καὶ
572 3535 681 3618 ὄχλος,
712 3533 733 3620 ᾧ
765 3537 939 3618 ναυμαχίαν
965 3538 1019 3616 μὲν
1046 3538 1205 3616 ποιούμενοι
1237 3539 1266 3602 ἐν
1290 3561 1340 3602 τε·

66 3785 122 3842 τῶν
154 3784 238 3865 νεῶν,
271 3780 299 3844 ἐν
322 3778 351 3843 δὲ
375 3787 411 3860 τῇ
435 3780 531 3844 tudelle
560 3780 768 3862 ἡναγκασμένρ
790 3780 849 3845 οξτο
872 3784 927 3844 τῶν
950 3785 1016 3843 νεῶν
1040 3777 1214 3860 πεζομαχία
1237 3775 1339 3858 κρόσ-

65 3905 159 3979 φσρα
182 3899 277 3963 ἔσται.
326 3897 484 3965 Stahlium
520 3899 547 3966 si
581 3899 756 3984 excipimus
788 3920 896 3966 omnes
929 3898 1068 3965 editores
1100 3918 1160 3984 pro
1191 3896 1339 3980 τροσφορα

67 4017 214 4084 scribunt
252 4018 412 4100 πρόσφορος
448 4025 597 4086 monente
631 4019 800 4087 Olasseno:
838 4018 907 4100 ,μοι
942 4017 1032 4099 ὄχλος
1067 4016 1149 4083 habe
1184 4015 1236 4081 ich
1268 4036 1339 4082 vom

68 4136 362 4223 Voraufgehenden
385 4138 486 4204 durch
509 4138 758 4224 Interpunktion
779 4143 946 4223 getrennt3
981 4158 1016 4203 es
1039 4136 1124 4203 steht
1146 4156 1229 4202 zuar
1256 4135 1340 4202 auch

102 4405 131 4474 l)
148 4407 181 4460 ol.
199 4422 221 4460 c.
238 4407 272 4459 60
288 4407 397 4459 initium
415 4408 448 4459 ad
465 4408 563 4460 ducum
580 4406 695 4459 abeundi
712 4407 828 4458 rationes
845 4404 1047 4472 cognoscendas.

1224 4497 1241 4546 ll
