3098 4988
669 306 711 372 85

103 548 209 634 Caput
231 548 273 614 46
298 545 322 636 ξ
348 548 376 612 1.
400 544 494 629 Vulg.
518 546 566 610 σὸν
589 544 715 621 πόλεμον
738 545 875 608 διοιλῡσοιι
887 593 895 621 ,
921 556 942 609 Β
966 545 1102 611 trentam
1119 548 1166 611 τὸν
1183 545 1321 621 πόλεμον.

56 667 172 734 Valla:
200 687 259 748 „ne
284 664 458 732 admodum
480 662 680 730 incumberet
704 662 787 728 bello
809 661 976 729 finiendo''.

103 784 185 851 Ibid.
208 783 301 868 Vulg.
325 783 398 861 μηδὲ
421 784 595 860 βουληθηνοιι
618 783 783 858 κομθσσονπσι
807 782 823 855 ἢ
849 787 917 855 νοιῦς
942 783 1108 860 Φοινθσσοος,
1141 783 1235 865 οἵσπερ
1251 809 1323 865 ποορ·

56 904 229 986 εσκεύοιζεπο
261 905 403 981 μελλήσει
427 903 525 980 μισθὸν
549 901 697 982 πορίζοντα
721 908 781 972 τοῖς
806 903 904 973 αὐτοῖς
1027 903 1060 967 πθ
1083 903 1186 981 κροθπος
1209 904 1322 981 dodoau

57 1045 97 1089 ex
125 1024 212 1090 hisce
240 1021 380 1089 tenebris
404 1022 594 1106 emergimus
618 1042 678 1105 ope
700 1021 774 1086 libri
795 1021 841 1107 B,
865 1021 899 1086 in
922 1042 985 1105 quo
1008 1043 1068 1106 pro
1091 1023 1233 1099 μελλήσει
1262 1044 1325 1090 ser-

55 1147 134 1209 vata
163 1147 214 1209 est
243 1162 319 1209 vera
350 1141 510 1225 scriptura
542 1141 558 1216 ἢ
587 1141 732 1217 Ἕλλησι,
765 1139 851 1223 quod
882 1140 976 1207 Valla
999 1161 1126 1225 quoque
1149 1143 1324 1226 expressit:
1389 1133 1391 1136 ⁴

59 1282 159 1342 „neve
193 1267 250 1328 aut
282 1261 393 1326 accitis
416 1281 498 1345 quas
520 1260 718 1326 instruxerat
739 1259 933 1325 Phoenicum
956 1259 1107 1340 nasibus,
1131 1265 1187 1326 aut
1211 1261 1326 1346 majori

57 1380 290 1446 Graecorum
326 1379 428 1444 classe
459 1377 633 1463 eonducta,
670 1378 798 1444 tradere
833 1377 1093 1444 Lacedaemoniis
1118 1379 1325 1464 ....impe-

57 1498 141 1563 rium
165 1495 288 1562 vellet’'.

103 1615 187 1683 Ibid.
203 1614 296 1699 Vulg.
321 1615 446 1692 βοισιλεῑ
462 1612 565 1691 ἕξεῑνοιι
586 1615 633 1679 ἐπὶ
650 1616 716 1686 τοὺς
733 1616 811 1696 eisd
828 1617 967 1695 λυπηροὺς
984 1617 1049 1688 τοὺς
1066 1617 1173 1697 ἑτέρους
1191 1616 1325 1693 ἕποθγειν.

58 1738 235 1820 Eleganter
258 1733 284 1796 Β
309 1738 383 1799 ante
407 1733 454 1796 ἐπὶ
479 1733 592 1799 inserit
615 1734 681 1808 θεί,
706 1754 770 1817 quo
791 1755 900 1800 carere
924 1735 974 1799 six
989 1755 1158 1819 possumus
1174 1735 1326 1819 quodque

58 1854 154 1920 Vella
185 1851 307 1919 reddit:
343 1851 432 1937 „lore
462 1851 547 1916 enim
574 1856 611 1916 ut
634 1871 785 1936 semper
806 1853 873 1937 regi
896 1853 1008 1920 liceret
1029 1856 1064 1920 in
1087 1875 1141 1921 eos
1165 1876 1186 1920 a
1209 1854 1327 1939 quibus

62 1972 290 2052 offenderetur,
312 1971 464 2036 inducere
488 1968 636 2036 alteros''.

104 2092 129 2183 ξ
152 2095 184 2159 2.
210 2092 304 2177 Vulg.
329 2096 415 2158 recte
438 2093 555 2170 οὶπορεῖν
578 2089 614 2154 θον
638 2090 725 2155 οιύπθν
747 2086 786 2160 οἷς
810 2090 876 2164 ποὺς
899 2098 1075 2171 κροτοῦντος
1092 2091 1326 2172 ξυριισιθοιιρθσει.

61 2213 88 2278 Β
113 2233 211 2278 sensu
231 2231 382 2278 vacuum:
406 2209 656 2288 ξυνκνθοιιρησειν.
681 2208 788 2275 Valla:
812 2231 895 2292 „non
914 2209 1099 2277 habiturum
1115 2232 1185 2277 eum
1203 2211 1328 2296 adjuto-

60 2354 127 2421 res,
154 2333 271 2418 quibus
294 2335 488 2417 opprimeret
511 2351 565 2396 eos
588 2331 643 2415 qui
666 2352 771 2397 rerum
795 2330 1006 2416 potirentur’'.

106 2452 188 2519 Ibid.
214 2451 332 2517 Omnes
356 2451 429 2517 libri
453 2455 630 2516 monstrum
652 2449 795 2515 referunt
818 2451 1008 2531 εὐτελέστεροι
1032 2453 1077 2516 σοὶ
1102 2451 1215 2528 δεινοὶ,
1241 2451 1329 2535 quod

62 2570 207 2638 Classeni
230 2570 375 2636 acumine
398 2569 561 2635 lenissima
585 2567 781 2633 correctione
805 2568 976 2634 emendata
1000 2573 1049 2634 est
1072 2569 1104 2633 in
1127 2569 1203 2634 ουδ’
1230 2566 1329 2634 rivus.

61 2688 175 2754 Nonne
210 2692 243 2753 et
276 2686 400 2754 Vallem
435 2686 596 2770 putaveris
632 2686 790 2750 sinceram
824 2685 993 2752 lectionem
1023 2685 1157 2751 vidisse:
1209 2687 1330 2768 „satius

63 2813 171 2874 eutem
195 2827 264 2873 esse
288 2806 315 2872 si
339 2804 453 2890 sqq.''?

106 2924 130 3015 ξ
154 2928 184 2990 3.
208 2924 302 3009 Vulg.
325 2921 560 3004 ἐπιτηδειοτέρους
583 2948 617 2986 τε
640 2923 698 3001 ἔφη
720 2929 786 2991 τοὺς
811 2922 977 2996 Ἀθηνοιθους
1000 2919 1071 2987 aba
1091 2922 1231 2995 κοινωνοὺς
1248 2925 1329 3004 οιύπῷ

63 3054 114 3119 τῆς
138 3046 245 3125 ἀρχῆς.
282 3041 403 3127 lnjuria
426 3041 452 3104 Β
477 3041 594 3106 omittit
617 3035 697 3103 εἷνοιι.
745 3038 857 3106 Valla:
886 3039 1048 3119 „addebat
1070 3041 1167 3106 etiam
1192 3061 1330 3106 eommo-

64 3162 168 3229 diores
192 3160 239 3226 illi
262 3159 330 3227 lore
354 3159 456 3225 socios
480 3157 606 3242 imperii
628 3156 870 3223 Athenienses’'.

107 3281 190 3348 lbid.
214 3277 305 3363 Vulg.
335 3279 401 3349 τοὺς
431 3277 484 3354 μὲν
511 3277 570 3357 adp
592 3274 849 3353 ξυγκοιποιδουλοῦν
872 3275 908 3339 ἄν
931 3276 1015 3357 σφίσι
1038 3301 1071 3340 τε
1095 3280 1192 3348 αὐτοῖς
1217 3276 1250 3342 πθ
1277 3286 1330 3352 πῆς

64 3399 214 3474 θοιλοθσσης
247 3398 330 3477 μέρος
361 3396 410 3462 nal
438 3396 557 3476 ἐκείνῳ
588 3392 644 3459 θοοι
668 3396 696 3458 ἐν
720 3405 756 3476 πη
779 3394 926 3471 βασιλέως
946 3393 1089 3471 ’Έλληνες
1115 3396 1230 3462 οἰκοῦσι.
1278 3394 1331 3462 Sic

64 3521 161 3587 etiam
185 3517 280 3584 Valla
312 3514 400 3595 „fore
431 3519 478 3580 ut·
495 3513 529 3578 in
561 3515 744 3580 servitutem
775 3515 972 3600 redigerent,
1005 3514 1066 3582 sibi
1097 3517 1225 3601 quidem
1253 3517 1331 3601 ipsis

65 3639 163 3705 maris
187 3640 329 3721 partem,
358 3632 441 3717 regi
463 3639 571 3699 autem
595 3633 735 3700 Graecos
760 3654 870 3700 omnes
894 3636 949 3718 qni
972 3637 1151 3718 provincias
1175 3635 1260 3701 illius
1283 3637 1330 3700 in-

65 3755 237 3825 colerent”.
272 3756 381 3820 Recte.
427 3753 533 3819 Dativi
563 3753 648 3819 enim
679 3755 764 3835 σφίσι
795 3756 892 3826 αὐτοῖς
921 3759 953 3819 et
974 3755 1068 3836 ἐκείνῳ
1091 3756 1268 3840 pendentes
1292 3774 1332 3820 ex

65 3875 313 3953 §evacuatoriam
336 3878 423 3938 recte
447 3870 480 3935 in
505 3870 634 3956 vulgata
656 3871 741 3937 inter
765 3893 798 3937 se
823 3879 1045 3955 opponuntur;
1070 3876 1200 3944 ἐκεῖνος
1224 3877 1332 3938 autem

65 3995 176 4061 infelix
211 3999 261 4059 est
296 3989 476 4058 emendatio
501 3989 667 4071 Vaticani,
700 3990 755 4074 qui
787 3991 885 4056 etiam
918 3991 985 4058 sine
1017 4013 1116 4058 eausa
1148 3991 1264 4057 omittit
1287 4017 1330 4056 τε.

66 4116 112 4181 De
136 4113 252 4199 copula
275 4110 354 4176 certi
377 4108 456 4174 nihil
479 4129 518 4174 ex
542 4107 637 4173 Valla
660 4113 803 4193 apparet.

12 4238 15 4243 ’
109 4231 189 4298 Ibid.
213 4229 306 4314 Vulg.
342 4228 390 4293 κιο)
422 4228 472 4290 οὐκ
505 4226 577 4295 εἰκὸς
609 4221 680 4289 εἶνοοι
714 4226 958 4303 Λμνεδνιμονθους
990 4229 1050 4293 det
1080 4230 1133 4305 μὲν
1164 4232 1247 4310 σφῶν
1276 4233 1333 4293 τῶν

65 4353 212 4428 Ἑλλήνων
236 4348 395 4427 ἐλευθεροῦν
418 4349 465 4408 νῦν
489 4343 554 4415 τοὺς
575 4342 744 4429 Ἕλληνος,
770 4344 830 4408 cisti
854 4344 878 4408 δ’
902 4345 1011 4410 ἐκείνων
1027 4349 1082 4410 πῶν
1097 4345 1332 4428 βσιρβοθροιν,....
