3098 4988
639 1252 854 1336 uranu
893 1229 1052 1338 vni.

786 1504 905 1514 ——n—

258 1716 404 1803 Caputl
436 1715 460 1806 ξ
486 1719 515 1782 1.
560 1719 598 1784 In
629 1718 671 1795 μὴ
693 1716 765 1784 οὕτω
789 1742 826 1796 γε
848 1717 885 1784 θα
908 1718 1032 1784 πανσυδὶ
1055 1718 1235 1801 διεφθάρθαι,
1259 1721 1346 1788 solus
1370 1723 1397 1789 B
1420 1744 1480 1809 pro

211 1834 248 1901 ἄν
282 1835 382 1902 tradit
411 1835 509 1914 ἄγαν,
543 1834 629 1921 quod
660 1835 788 1903 Vallum
820 1856 947 1922 quoque
979 1838 1191 1925 expressisse,
1225 1838 1379 1926 Poppone
1402 1863 1480 1909 auc-

210 1960 298 2039 tore,
334 1955 428 2022 docet
462 1952 622 2036 Stahlius,
657 1955 745 2022 haud
779 1960 867 2022 certa
897 1976 947 2022 me
978 1957 1088 2042 judice
1121 1955 1304 2046 affirmans,
1336 1980 1409 2025 cum
1440 1983 1480 2028 ex

212 2071 360 2139 liberiore
398 2072 664 2156 interpretatione
697 2070 811 2140 Vallae
846 2072 941 2140 lectio
977 2073 1057 2140 disci
1091 2093 1155 2140 non
1190 2074 1301 2160 possit.
1347 2074 1479 2143 Temere

210 2190 399 2258 Classenum
432 2195 464 2256 et
494 2189 652 2257 Stahlium
674 2189 823 2258 Vaticani
846 2191 1031 2258 auctoritati
1053 2192 1189 2259 cessisse
1212 2193 1327 2279 opinor
1349 2195 1479 2280 cognita

210 2309 418 2376 annotatione
441 2308 499 2375 viri
523 2309 692 2376 clarissimi
707 2309 842 2394 Naberi,
866 2310 922 2394 qni
933 2310 960 2396 1)
975 2310 1101 2378 invictis
1118 2310 1317 2378 documentis
1334 2314 1477 2398 spuriam

209 2429 296 2496 vocis
319 2428 402 2506 ἄγαν
425 2432 574 2495 naturam
598 2429 710 2515 arguit
746 2429 830 2508 „Dio
854 2426 1013 2515 Cassiod’,
1037 2429 1143 2514 inquit
1162 2429 1359 2518 indoctus,
1387 2481 1475 2513 „....

208 2547 314 2614 locum
347 2546 494 2616 terdecies
522 2548 667 2615 imitatus
691 2553 758 2635 est,
789 2568 894 2633 neque
916 2568 1068 2633 umquam
1091 2547 1268 2615 absurdum
1291 2549 1372 2617 illud
1395 2549 1477 2629 ἄγαν

208 2665 412 2753 adscripsitt’'
437 2666 547 2733 Valla:
576 2667 736 2751 „undique
759 2668 867 2734 omnia
889 2665 1033 2735 funditus
1057 2688 1128 2735 esse
1150 2668 1293 2736 eversu.’'

251 2786 333 2853 Ibid.
379 2784 472 2871 Vulg.
504 2786 553 2850 uni
584 2787 680 2852 θπθσιι
711 2811 739 2852 τι
762 2787 830 2852 τθτε
854 2786 959 2858 αὐτοὺς
983 2785 1149 2861 θιιθσαιτες
1173 2789 1342 2862 incitarent
1364 2791 1401 2864 ὥς
1424 2791 1477 2866 λη’·

206 2913 312 2989 dovrae
333 2906 481 2971 Σικελίαν.
515 2905 553 2970 In
576 2904 603 2969 B
627 2926 687 2992 pro
709 2907 878 2982 ἐπήλπισαι
901 2911 951 2973 est
969 2906 1104 2993 ἔπεισαν,
1129 2906 1230 2993 quod,
1255 2908 1316 2974 etsi
1331 2907 1373 2975 ab
1390 2909 1476 2976 omni

207 3033 300 3114 parte
331 3027 487 3113 quadrat,
520 3029 629 3092 tamen
660 3025 815 3092 minorem
846 3023 914 3091 fere
942 3024 1041 3092 habet
1063 3025 1219 3112 speciem,
1249 3047 1320 3093 cum
1345 3012 1475 3096 verbum

206 3146 390 3216 inusitatius
413 3148 581 3221 εἰαιιιπθσαι
603 3145 730 3213 facilius
754 3144 844 3211 abire
866 3143 1007 3228 potuerit
1029 3145 1062 3235 in
1081 3144 1201 3210 ἔπεισαν
1218 3165 1316 3230 quam
1331 3146 1473 3216 invicem.

206 3266 319 3335 Vallae
345 3266 563 3346 „suasissent”
588 3286 660 3332 cum
682 3263 840 3331 Vaticano
864 3264 969 3331 facere
994 3263 1112 3330 dixeris
1127 3265 1163 3347 θ).

250 3385 274 3476 ξ
297 3388 329 3453 3.
352 3385 444 3471 Vulg.
468 3385 741 3468 παρασκευάζεσθαι
756 3435 762 3450 .
779 3433 786 3448 .
801 3431 831 3449 ..
856 3382 915 3450 θθεν
935 3382 972 3449 ἂν
991 3384 1137 3449 δύνωνται.
1173 3383 1200 3449 Β
1224 3384 1343 3470 injuria
1358 3387 1476 3454 omittit

204 3505 264 3571 ὅθεν
290 3504 428 3573 aValla
449 3504 641 3591 probatum:
669 3525 785 3585 „naves
808 3505 1020 3588 undecunque
1036 3510 1175 3588 ,possent
1199 3506 1415 3589 comparare.’'

249 3623 280 3714 ξ’
301 3624 331 3692 4.
355 3624 447 3710 Vulg.
471 3624 519 3689 aci
544 3625 578 3691 τὸ
601 3624 673 3705 θέρος
698 3622 848 3689 ἐτελεύτα.
871 3624 898 3688 Β
921 3622 1096 3708 posthaec
1117 3621 1349 3691 verbainserit
1372 3633 1475 3708 τοῦτο,

206 3744 293 3828 quod
317 3765 389 3811 curn
413 3743 491 3810 alibi
513 3763 672 3827 nusquam
696 3740 857 3808 addiderit
877 3741 1028 3826 scriptor,
1047 3740 1120 3825 jure
1136 3738 1177 3806 ub
1194 3739 1409 3811 Herwerdeno
1426 3750 1476 3812 est

204 3866 366 3951 rejectum.
413 3864 462 3929 Ex
492 3861 605 3930 Vallae
635 3863 900 3948 interpretatione
934 3865 1051 3946 „atque
1080 3860 1162 3927 haec
1185 3868 1292 3929 aestas
1317 3864 1473 3932 excessit''

204 3984 284 4050 nihil
313 3980 518 4052 statuendum
549 3986 616 4066 est,
648 4001 720 4048 cum
754 3979 851 4046 etiarn
886 3976 979 4062 aiibi,
1016 3977 1072 4043 ubi
1106 3978 1140 4043 in
1173 3978 1264 4046 libris
1291 3985 1474 4066 pronomini

237 4309 265 4374 1)
283 4309 315 4360 ct.
333 4307 517 4373 Mnemosyncs
534 4303 568 4357 N.
585 4303 614 4357 S.
630 4305 680 4355 vol.
697 4304 767 4356 XIV.
785 4319 842 4371 pag.
859 4301 917 4352 dut.

236 4406 264 4471 θ)
281 4406 314 4456 ct.
331 4419 353 4457 c.
370 4403 387 4455 6
405 4403 418 4468 5
435 4402 452 4453 d
468 4402 514 4454 ubi
531 4399 606 4453 Valla
623 4399 737 4450 πιθαιιισι
756 4401 947 4468 interpretatus
965 4402 1005 4449 est
1022 4401 1233 4465 „persuadera”
