3098 4988
752 276 796 351 26

138 507 237 603 igitur
258 520 369 597 oritur,
396 544 471 589 num
495 521 705 610 Syracusani,
730 524 845 610 pugnis
869 523 1039 593 naualibus
1061 545 1174 593 recem
1198 526 1304 593 iactis
1326 525 1422 613 iretis

139 657 174 703 re
204 658 280 704 vera
309 641 436 725 opinari
462 643 626 727 potuerint
654 663 689 710 se
711 642 761 711 nel
782 642 887 711 molto
908 650 1077 728 praestare
1098 642 1366 713 Atheniensibus
1387 666 1419 713 re

138 754 279 823 nautica
325 755 416 835 Quod
446 758 498 825 rix
521 760 733 849 crediderim;
763 782 892 829 causam
915 763 1017 844 euim,
1040 783 1098 830 cur
1120 761 1331 850 Syracusani
1355 772 1418 833 tam

138 873 249 958 pulcre
282 874 323 942 de
357 897 434 944 suae
465 877 578 945 classis
608 879 728 948 viribus
742 882 949 967 cogitarint,
979 882 1102 949 nnllam
1131 880 1308 962 invenias3
1344 883 1419 970 quin

136 990 202 1059 imo
225 1013 324 1078 snpra
347 996 388 1080 (c.
412 997 466 1062 23.
490 1017 518 1063 c.
542 996 597 1082 25)
613 998 655 1065 ab
670 998 921 1066 Atheniensibus
937 999 1081 1067 ridemus
1096 1021 1152 1068 eos
1167 1020 1244 1071 esse
1258 1000 1371 1071 victos
1382 1003 1418 1090 1).

137 1111 185 1177 Eo
215 1111 319 1180 minus
350 1113 559 1202 Syracusanis
588 1116 686 1183 talem
717 1116 815 1184 fuisse
844 1117 1025 1202 opinionem
1048 1117 1162 1197 credo,
1187 1120 1272 1204 quia
1297 1120 1342 1188 de
1363 1140 1417 1207 pe·

137 1228 296 1298 destribns
331 1234 449 1318 copiis,
483 1234 599 1319 quibus
633 1235 844 1303 Athenienses
881 1240 969 1302 certo
1003 1237 1120 1305 sertim
1153 1237 1418 1323 superabantur,

135 1347 251 1433 legitur
266 1350 467 1436 simpliciter:
487 1352 597 1419 ἐδόκουν
612 1353 641 1420 δὲ
657 1353 707 1419 καί
718 1354 767 1420 τὸν
780 1352 865 1434 πεζδν
876 1354 1075 1435 χειρώσεσθαι.
1098 1355 1257 1423 Fortasse
1278 1362 1416 1444 propter

136 1490 273 1556 sequem
307 1472 359 1536 καί
388 1471 505 1557 copula
534 1478 647 1540 nostra
677 1476 727 1539 est
758 1471 887 1552 addita,
917 1476 953 1539 ut
983 1471 1098 1551 etiam,
1127 1473 1332 1541 sententiam
1354 1496 1415 1543 non

134 1589 340 1678 intellegens,
380 1593 452 1677 quis
487 1592 653 1679 scriptoris
688 1613 816 1660 manum
851 1591 985 1659 mumvit
1019 1611 1079 1677 pro
1110 1591 1227 1659 ἐδίκονν
1259 1595 1416 1663 mendose

136 1707 280 1776 scribens
303 1710 401 1797 δοκεῖν,
427 1710 514 1795 quod
536 1711 746 1795 responderet
766 1707 921 1776 infinitivo
944 1709 1088 1790 κρείσσους
1111 1706 1193 1777 εἶναι.

183 1945 290 2031 Caput
312 1946 357 2011 42
379 1943 403 2036 ξ
429 1947 457 2012 1.
480 1944 574 2031 Vulg.
598 1946 651 2013 Ἐν
673 1946 766 2027 τούτῳ
789 1944 818 2010 δὲ
836 1945 1019 2024 Δημοσθένης
1034 1945 1084 2011 καί
1100 1945 1278 2029 Εὐρυμέδων
1292 1950 1413 2032 ἔχονται

138 2064 190 2139 τὴν
211 2065 273 2129 aiud
296 2069 352 2129 τῶν
376 2063 500 2141 Ἀθηνῶν
523 2065 658 2143 βοήθειαν
679 2065 931 2147 παραγίγνονται,
955 2072 1025 2140 ναῦς
1048 2092 1082 2133 τε
1104 2073 1181 2149 τρεῖς
1204 2067 1260 2133 καί
1283 2069 1412 2149 ἑβδομή-

136 2205 226 2247 κοντα
249 2183 417 2259 μάλιστα
439 2185 501 2251 ssi.
526 2182 552 2248 Β
576 2183 683 2252 emisit
704 2183 852 2261 aristosa.
883 2183 995 2251 Valla:
1021 2183 1278 2265 „Demosthenes
1301 2193 1410 2255 autem

134 2300 259 2369 interea
290 2307 389 2386 atque
419 2303 622 2389 Eurymedon
652 2325 724 2370 cnm
747 2302 892 2384 auxiliis,
914 2322 999 2387 quae
1022 2308 1216 2388 accepemus
1241 2303 1287 2372 ab
1309 2305 1408 2374 Athe-

135 2419 298 2487 niensibus
333 2420 546 2507 advenerunt,
580 2420 713 2488 navibus
746 2421 850 2487 tribus
879 2419 979 2487 ferme
1010 2425 1043 2487 et
1073 2420 1285 2506 septuaginta
1318 2423 1408 2511 sqq”.

135 2538 162 2603 B
186 2541 287 2607 secuti
318 2546 394 2609 sunt
424 2539 596 2609 Classenus
626 2544 659 2606 et
685 2537 916 2606 Herwerdenus
939 2537 1084 2605 Arnoldo
1106 2537 1243 2607 docente
1268 2543 1407 2620 μαλιστα

130 2657 204 2744 jure
237 2658 429 2745 desiderari,
464 2680 536 2726 cum
570 2679 610 2726 er
642 2656 846 2744 septuaginta
878 2655 981 2723 tribus
1016 2655 1150 2723 naribus
1179 2657 1264 2742 ipsis
1297 2661 1408 2730 classis

135 2781 307 2844 constaret
358 2777 641 2858 „Demosthenes'',
673 2776 720 2843 ait
751 2774 931 2860 Arnoldus,
965 2774 1120 2856 „Athenis
1150 2773 1240 2843 LXV
1273 2780 1407 2849 naribus

134 2893 299 2978 profectus
329 2901 400 2961 erat
430 2895 474 2979 (c.
498 2894 573 2979 20),
605 2914 646 2961 ex
676 2892 793 2978 quihus
820 2894 929 2960 decem
954 2892 996 2960 ad
1019 2892 1182 2960 Cononem
1206 2897 1301 2980 apud
1323 2899 1407 2967 Nau·

134 3017 264 3098 pactum
288 3009 376 3077 noris
400 3010 500 3097 copiis
522 3008 715 3077 firmandum
737 3011 870 3078 miserat
891 3012 931 3096 (c.
955 3010 1030 3096 31);
1053 3011 1124 3096 ipse
1147 3017 1257 3080 autem
1283 3015 1408 3087 interea

134 3152 200 3198 una
234 3127 478 3216 Eurymedontis
511 3149 594 3195 nare
627 3120 767 3214 (ibid.)‚‘
786 3128 967 3213 quindecim
999 3126 1252 3214 Corcyraeorum
1287 3136 1409 3226 (ibid),

136 3246 261 3314 duabus
293 3247 586 3331 Metapontinorum
616 3248 658 3332 (c.
684 3247 742 3332 33)
766 3251 879 3313 anctus
902 3253 982 3314 erat
1028 3247 1114 3334 Ergo
1137 3247 1306 3319 miv—X
1332 3255 1412 3341 ÷1

138 3369 177 3451 -ί-
203 3366 262 3434 XV
286 3369 327 3450 -ί-
356 3365 388 3431 11
415 3397 459 3427 =
485 3364 648 3434 LXXHP.
694 3366 790 3434 Ratio
825 3367 867 3432 ad
901 3384 1067 3434 numerum
1101 3368 1271 3459 convenit,
1316 3376 1411 3444 modo

136 3484 277 3570 excipias
299 3484 385 3569 quod
409 3484 503 3552 docet
524 3484 684 3553 Arnoldus
708 3484 843 3552 classem
866 3504 937 3552 υκιι
960 3484 1207 3571 Eurymedontis
1230 3509 1318 3560 nave
1342 3513 1412 3562 esse

135 3603 275 3671 ductam
309 3603 495 3672 Videamus.
530 3602 609 3691 Gap.
636 3605 677 3672 16
700 3602 726 3695 ξ
750 3606 771 3671 2
794 3611 908 3673 namat
930 3605 1068 3691 scriptor
1089 3607 1140 3672 καί
1162 3605 1212 3672 τίν
1235 3609 1294 3687 μὲν
1318 3617 1412 3699 Εὐρυ-

135 3723 261 3803 μέδοντα
382 3723 606 3798 ἀποπέμπουσιν
635 3725 665 3799 ἐς
695 3725 747 3799 τὴν
770 3724 909 3790 Σικελίαν
932 3726 1013 3802 μετὰ
1037 3725 1108 3792 δέκα
1132 3731 1216 3811 νεῶν,
1242 3727 1338 3799 εἴκοσι
1360 3734 1414 3801 σιδ-

134 3857 233 3908 λαντα
256 3842 391 3924 οὶργνρίου
412 3841 463 3908 καί
485 3843 556 3924 α”μα
571 3846 764 3923 ἀγγελοῦντα
779 3851 839 3917 τοῖς
855 3845 918 3909 ἐκεῖ
929 3841 972 3911 ὅτι
985 3843 1044 3923 ἥξει
1056 3846 1174 3924 βοήθεια
1185 3846 1237 3912 καὶ
1250 3850 1413 3931 ἐπιμέλεια

135 3964 230 4029 αὐτῶν
252 3962 347 4029 ἔσται.
394 3960 428 4028 Si
452 3964 523 4048 quis
546 3965 643 4031 etiam
666 3964 706 4032 de
729 3962 902 4044 mandato,
925 3963 1012 4048 quod
1036 3964 1241 4052 Eurymedon
1264 3972 1413 4060 accepit,

134 4080 239 4166 possit
269 4079 435 4169 dubitare,
465 4081 563 4151 laudo
593 4104 663 4169 cap.
695 4084 735 4150 31
768 4081 792 4174 ξ
816 4084 836 4149 3
866 4082 924 4149 ὄντι
952 4084 977 4149 δ’
1000 4087 1080 4161 αὐτῷ
1107 4085 1142 4171 (i.
1164 4105 1192 4152 e.
1215 4092 1414 4181 Δημοσθένει)

167 4330 196 4397 i)
213 4332 246 4383 ci.
263 4332 342 4383 etiam
360 4346 382 4385 o.
400 4331 432 4384 47
450 4331 463 4399 5
480 4331 504 4383 3.
