3098 4988
815 304 859 368 82

250 536 357 620 Caput
380 538 432 602 43.
457 540 522 620 §l
547 539 639 623 Vulg.
663 540 710 603 ἐπὶ
734 541 787 618 μὲν
811 542 845 606 πὸ
867 543 896 605 ἕν
920 553 955 622 τῇ
978 541 1066 621 Κνίδῳ
1086 544 1217 607 νανπικὸν
1237 545 1294 623 οὐχ
1314 545 1476 623 ὁρμίσαν-

206 683 273 730 τες.
298 659 398 725 Unice
422 680 528 724 verum
553 661 772 740 ὁρμήσαντες
788 661 832 739 Β,
856 662 907 726 cui
923 661 1081 729 consentit
1098 660 1208 728 Valla:
1235 682 1352 746 „quum
1369 684 1476 748 neque

206 776 392 842 invaderent
414 777 476 862 ipsi
500 777 663 845 classem.’'

248 893 328 959 Ibid.
353 894 442 980 Vulg.
466 896 615 974 Λωρύμοις
638 903 696 968 τοῖς
713 897 741 961 ἐν
757 905 794 978 τῇ
811 897 912 976 ἠπείρῳ
935 898 1208 975 προσβαλόντες
1232 898 1425 964 οὶπέπλευσαν
1445 903 1475 973 ἐς

205 1014 256 1086 τὴν
288 1015 400 1091 Σάμον.
436 1027 458 1078 Β
490 1015 820 1093 προσπλεύσαντες,
849 1017 918 1101 jam
941 1016 1147 1101 rejiciendum
1176 1016 1216 1082 ob
1241 1037 1377 1101 sequens
1401 1020 1473 1084 οὶπὲ-

206 1147 349 1218 πλενσοιν,
388 1135 473 1199 unde
508 1135 605 1201 etiam
640 1135 822 1219 corruptela
855 1137 1008 1221 originem
1045 1135 1174 1202 duxisse
1207 1137 1341 1203 videtur.
1381 1137 1476 1205 Valla

205 1252 332 1336 pulcre:
359 1253 525 1339 „Lorymis
548 1255 582 1318 in
607 1254 789 1321 continente
813 1257 1024 1340 oppugnatis,
1048 1255 1213 1322 redierunt
1237 1255 1394 1322 Samum.”

250 1371 268 1460 ᾗ
292 1373 321 1438 2.
345 1371 435 1455 Vulg.
465 1372 583 1437 ι’έποισαι
615 1373 640 1438 δ’
676 1374 723 1449 ’δν
755 1369 836 1438 οὖσαι
867 1375 896 1438 ἐν
928 1384 965 1456 τῇ
996 1375 1085 1455 Κνιδῳ
1108 1373 1139 1440 αἱ
1162 1381 1217 1439 πῶν
1239 1376 1475 1452 Πελοποννησίων

206 1501 277 1566 νῆες.
313 1492 356 1570 Β,
382 1493 437 1577 qui
461 1492 547 1559 solus
568 1493 679 1560 inserit
700 1491 768 1571 ἅμα
791 1499 867 1577 post
889 1490 989 1579 οὖσαι,
1013 1495 1131 1580 probat
1154 1494 1328 1561 Classenus
1344 1503 1472 1563 contra·

205 1612 330 1678 dicente
360 1613 590 1679 Herwerdeno:
626 1613 703 1693 „sed
734 1613 790 1678 Th.
823 1613 999 1679 addidisset
1029 1613 1136 1699 potius
1168 1615 1248 1691 ὁμοῦ,
1275 1613 1382 1682 eodem
1408 1614 1472 1682 ἰοοο

204 1730 258 1816 (cl.
275 1732 317 1797 ad
333 1732 371 1816 4,
397 1732 458 1817 30,
484 1733 535 1816 4),
559 1733 644 1817 quod
668 1731 737 1799 fieri
761 1737 868 1816 potest
889 1738 926 1798 ut
949 1732 1166 1817 reponendum
1190 1730 1258 1798 sit''
1289 1732 1384 1799 Valla
1399 1755 1474 1798 num

205 1849 319 1916 viderit
343 1850 492 1916 Vaticani
515 1851 682 1918 lectionem
714 1851 889 1937 dijudicare
916 1873 980 1918 non
1014 1850 1133 1918 ausim:
1171 1855 1305 1936 „coacta
1337 1850 1380 1918 ad
1404 1849 1474 1917 Oni-

205 1971 280 2035 dum
304 1971 390 2037 omni
414 1970 545 2036 classe.''

250 2093 269 2171 ξ
294 2087 323 2153 3.
361 2089 531 2157 Librorum
554 2089 700 2173 plerique
724 2089 874 2155 omittunt
897 2060 963 2152 orire
986 2087 1041 2159 πδις
1065 2087 1245 2172 Χαλκιδέως,
1270 2108 1354 2171 quae
1378 2088 1474 2155 Valla

205 2207 349 2273 rettulit:
384 2229 524 2294 „negare
555 2207 687 2274 foedera
717 2207 798 2273 bene
828 2207 909 2272 inita
939 2212 1007 2271 tam
1037 2227 1058 2272 a
1088 2203 1296 2272 Chalcideo
1327 2226 1425 2290 quam
1453 2228 1472 2272 a

206 2323 404 2391 Theramene
428 2323 526 2392 esse.’'

251 2444 270 2521 ξ
301 2443 331 2508 4.
363 2443 454 2528 Vulg.
489 2444 588 2522 ἑτέρας
619 2440 665 2510 οὖν
687 2444 801 2509 ἐκέλευε
823 2443 958 2521 Bautica-3
982 2443 1170 2527 σπένδεσθαι,
1193 2441 1310 2526 quibus
1334 2441 1361 2506 B
1385 2443 1474 2509 addit

205 2561 353 2637 ξννδήιωις.
400 2563 529 2630 Insiotie
562 2565 759 2647 argumentis
791 2564 958 2629 ostendere
990 2562 1071 2628 sitne
1098 2560 1238 2638 ξυνδίκως
1262 2581 1338 2627 vera
1360 2582 1474 2628 manus

206 2703 248 2747 an
272 2680 445 2768 emblema,
470 2682 608 2750 difficilis
633 2704 711 2750 sane
734 2688 767 2748 et
789 2650 856 2748 fer'e
879 2681 1108 2747 inextricabilis
1132 2686 1182 2748 est
1204 2680 1362 2765 quaestio.
1386 2681 1473 2759 Quae

206 2820 226 2863 a
256 2798 410 2866 Classeno
442 2801 484 2865 ad
516 2800 670 2865 tuendum
695 2799 885 2866 Vaticanum
918 2803 992 2863 sunt
1022 2797 1123 2863 allata
1152 2818 1202 2864 me
1225 2797 1334 2882 judice
1357 2797 1474 2864 refellit

204 2915 454 2983 Herwerdenus:
491 2917 651 3002 „ictericae
687 2919 773 3002 quod
795 2917 917 3002 recepit
940 2915 1003 2992 ct,
1038 2915 1093 2999 qui
1116 2915 1329 3000 contendens,
1354 2917 1472 2982 omisso

206 3033 405 3102 substantivo
437 3042 470 3102 et
492 3037 603 3103 audito
627 3058 644 3103 e
668 3036 865 3121 praegressis
888 3033 1013 3106 σπονδάς
1038 3033 1254 3099 necessarium
1278 3053 1347 3098 esse
1370 3035 1471 3113 σοιπιις

206 3173 264 3235 pro
295 3154 411 3233 ἑτέροις,
443 3155 609 3224 immemor
639 3157 701 3222 fuit
732 3156 917 3240 saepissime
947 3153 1038 3233 ἕτερος
1067 3173 1130 3218 non
1154 3151 1312 3218 diversum
1336 3172 1408 3219 esse
1430 3151 1472 3219 ab

205 3267 325 3342 οδλλος.”
357 3273 503 3358 Apparet
525 3281 631 3341 autem
656 3276 716 3343 etsi
739 3280 813 3341 ruat
836 3293 966 3339 neeesse
989 3276 1039 3337 est
1063 3269 1207 3339 Classeni
1230 3276 1471 3356 argumentum,

206 3389 348 3473 spuriam
370 3399 519 3460 naturam
543 3395 628 3461 vocis
651 3395 790 3461 nondum
815 3413 835 3458 a
858 3393 923 3458 viro
949 3389 1043 3457 docto
1067 3390 1189 3456 Batavo
1205 3409 1274 3455 esse
1291 3388 1472 3472 probatam.

206 3506 300 3574 Valla
330 3531 439 3594 supra
459 3513 514 3584 τοὶς
546 3513 670 3584 σπονδὰς
703 3511 802 3577 refert
828 3530 903 3576 voce
929 3507 1114 3597 „foedum”
1137 3511 1247 3573 nostro
1270 3512 1380 3573 tamen
1402 3506 1472 3575 looo

205 3627 313 3692 vertit:
339 3628 469 3714 „itaque
490 3630 604 3715 jubere
628 3631 710 3696 alias
733 3630 814 3695 inire
834 3627 1030 3716 pactiones?
1068 3628 1095 3692 E
1118 3626 1233 3711 quibus
1257 3646 1297 3691 ne
1320 3627 1396 3710 quid
1412 3648 1472 3713 pro

206 3751 292 3811 certo
326 3745 465 3814 deducas
497 3749 538 3814 ad
569 3748 738 3815 lectionem
768 3746 1024 3814 constituendam
1055 3765 1188 3824 moneo,
1220 3765 1292 3809 oum
1323 3765 1349 3810 c.
1374 3745 1415 3811 37
1440 3751 1473 3811 et

207 3863 248 3928 38
283 3861 422 3940 §natiuae
458 3864 553 3931 modo
591 3864 769 3945 „foederat
805 3865 900 3932 modo
935 3863 1137 3950 „pactiones”
1169 3863 1211 3929 sit
1240 3864 1471 3949 interpretatus

206 3980 307 4047 Valla.
343 3981 424 4059 Quin
447 3982 511 4050 imo
535 3989 571 4049 ut
592 3984 781 4051 vocabulum
805 4005 845 4050 ex
867 3984 924 4063 iis,
948 3984 1003 4068 qui
1026 3982 1240 4068 praecedunt,
1265 3980 1469 4049 subintellec-

157 4173 161 4180 ,
205 4103 272 4165 tum
297 4100 471 4179 addiderit,
497 4102 616 4187 optime
639 4102 711 4169 fieri
734 4109 850 4189 potest.

251 4335 356 4421 Caput
378 4337 465 4422 44§
495 4341 521 4403 l.
552 4336 641 4424 Vulg.
673 4339 696 4403 oi
719 4339 744 4403 δ’
769 4342 797 4412 ἐς
820 4341 872 4417 τὴν
893 4338 992 4418 Ῥόδον,
1024 4338 1377 4419 ἐπικνρνιιευομένων
1410 4339 1470 4405 olari
