3098 4988
832 326 875 395 70

220 570 318 636 velint
349 570 446 636 verba
476 571 517 635 πα
546 569 636 635 λνιπίν
666 567 777 651 διῴκουν
808 570 861 641 τὴν
890 570 984 646 πόλιν,
1016 569 1050 634 in
1078 569 1197 654 quibus
1221 572 1351 638 omnino
1377 572 1492 638 eodeni·

219 691 303 755 inest
325 689 429 766 notio,
454 709 538 773 quae
560 690 594 754 in
616 697 765 769 κατεῖχον.
802 688 896 754 Vella
918 688 1107 755 vocabulum
1130 710 1196 755 non
1218 689 1337 756 reddit.

265 926 371 1010 Caput
393 927 436 991 22
460 931 480 1009 ξ
503 927 532 992 2.
555 925 646 1010 Vulg.
669 926 719 991 καί
742 928 774 990 αἱ
797 927 851 1003 μὲν
874 934 937 1000 νῆες
960 927 1213 992 καταπλεύσασαι
1228 927 1394 1004 Μήθυμναν
1410 935 1488 1010 πρῶ-

219 1069 267 1111 τνν
289 1047 454 1127 νίφιττνῖτι,
479 1045 595 1129 quibus
618 1045 645 1110 B
669 1045 762 1111 addit
783 1047 832 1110 καί
857 1046 1089 1112 καταλείπονται
1108 1046 1247 1128 τέτταρες
1264 1055 1326 1122 νῆες
1343 1049 1373 1111 ἐν
1388 1050 1485 1130 αὐτῇ·

218 1167 268 1229 καί
292 1162 371 1238 αὖθις
394 1166 425 1229 αἱ
449 1164 549 1229 λοιπαί
573 1166 742 1239 Μυτιλήνην
764 1165 939 1246 υὶφιττασιν,
963 1186 1061 1249 quae,
1084 1169 1122 1231 ut
1140 1166 1209 1251 jam
1225 1166 1343 1251 probat
1358 1173 1487 1251 πρῶτον,

219 1285 287 1351 sine
321 1284 419 1350 dnbio
453 1285 579 1349 sincera
613 1283 760 1349 ducende
792 1290 866 1350 eunt
896 1285 1001 1351 verba.
1046 1285 1156 1351 Priore
1179 1305 1256 1352 voce
1279 1287 1430 1368 αφιπτυῐπι
1452 1288 1486 1352 in

218 1425 358 1471 errorem
399 1402 505 1469 scribe
538 1404 685 1488 inducto,
728 1405 915 1471 exciderunt
948 1425 1004 1482 ea,
1039 1425 1123 1488 quoe
1158 1406 1185 1470 B
1219 1405 1313 1472 nobie
1345 1408 1484 1473 serravit

212 1543 364 1608 quaeque
399 1521 539 1590 eVella
572 1543 729 1607 expresse
763 1529 853 1590 sunt:
894 1523 1035 1604 „Quibus
1070 1523 1204 1592 navibus
1240 1524 1311 1591 Ghii
1345 1526 1483 1609 primum
1511 1574 1514 1580 «

217 1641 434 1728 Methymnam
458 1648 537 1727 (quo
560 1644 649 1726 prius
672 1644 857 1729 pervenere)
881 1643 1010 1720 deinde,
1035 1644 1196 1710 relictis
1220 1644 1284 1710 bio
1307 1651 1484 1728 quatuor

216 1760 386 1827 navibus
417 1745 638 1847 Mytilenen
661 1764 749 1848 (qno
774 1782 857 1828 oum
881 1763 1057 1828 caeteris
1080 1763 1249 1831 navibus
1272 1765 1482 1849 venerunt)

216 1879 265 1947 ed
288 1880 560 1946 deficiendum
583 1879 810 1965 impulere.''

259 2119 366 2203 Caput
388 2121 431 2185 23
453 2117 478 2208 ξ
496 2122 523 2184 1.
547 2120 639 2204 Vulg.
662 2125 839 2205 Κεγχρειῶν,
859 2133 880 2185 Β
897 2126 1062 2202 Κεγχρεῶν.
1085 2120 1196 2188 Valla:
1221 2142 1258 2202 „e
1274 2120 1478 2190 Cenchreie”

258 2242 278 2320 ς
303 2239 332 2302 2.
361 2236 509 2320 Plerique
532 2237 686 2303 librorum
709 2237 860 2303 exhibent
883 2238 1104 2305 soloecismum
1132 2239 1180 2303 καί
1205 2239 1381 2319 προσλαβὼν
1407 2240 1480 2304 Χίαν

213 2358 398 2444 ναυμαχίαν,
431 2378 502 2423 oum
532 2379 615 2423 unus
646 2358 694 2424 vel
725 2357 861 2425 fortasse
892 2359 955 2425 duo
979 2359 1105 2425 oodioee
1129 2380 1237 2425 veram
1260 2360 1394 2447 tradent
1417 2361 1480 2426 leo·

211 2478 330 2544 tionem
358 2478 407 2542 uui
432 2477 607 2557 προσλαβὼν
631 2479 704 2543 Χίαν
727 2483 797 2542 ναῦν
819 2478 905 2563 μίαν,
937 2478 1023 2561 quod
1052 2483 1184 2562 propter
1211 2498 1324 2544 sonum
1353 2483 1478 2562 gratum

213 2601 445 2682 anteponemus
477 2603 605 2681 oportet
636 2599 709 2662 Χίαν
739 2598 810 2676 μίαν
841 2603 912 2662 ναῦν
942 2618 981 2663 ex
1011 2596 1046 2662 B.
1092 2598 1140 2663 De
1171 2597 1339 2665 verborum
1368 2597 1478 2664 ordine

211 2714 290 2782 nihil
312 2738 372 2800 pro
397 2723 484 2783 certo
507 2736 547 2782 ex
569 2715 664 2782 Valla
687 2715 803 2782 deduoi
827 2717 947 2801 possit3
970 2736 1167 2800 quemqnam
1183 2738 1248 2784 non
1264 2717 1346 2783 vidit
1363 2742 1477 2796 ναυμα-

210 2835 283 2916 χίαν
309 2841 459 2920 „sumpta
480 2856 546 2902 una
570 2837 643 2903 nevi
667 2833 773 2901 chia.'’

92 3000 104 3026 ι
170 2987 179 3007 ι
254 2954 334 3020 Ibid.
365 2955 457 3040 Vulg.
488 2953 529 3020 dur
562 2957 579 3031 ἧ
608 2956 761 3030 Μυτιλήνη
887 2955 1026 3021 ἓνίλυκε
1049 2976 1070 3021 a
1093 2955 1217 3022 Stahlio
1242 2960 1413 3023 servatum.
1448 2955 1474 3020 B

164 3063 173 3080 ¹
208 3070 295 3137 ἕαλυ.
319 3071 429 3139 Valle:
456 3072 593 3152 „certior
615 3071 651 3137 fit
674 3071 849 3158 Mytilenen
973 3093 1042 3140 esse
1066 3071 1223 3158 ceptam.”

253 3191 328 3274 §4
357 3190 448 3276 Vulg.
479 3191 529 3257 καί
559 3192 625 3264 τοὺς
655 3192 715 3256 aiod
746 3197 801 3256 τῶν
828 3195 932 3258 ἑαυτοῦ
957 3198 1023 3257 νεῶν
1046 3192 1171 3263 ὁπλίτας
1195 3192 1268 3272 πεζῇ
1293 3191 1476 3272 παρέπλει

207 3308 256 3373 ε’πί
285 3311 336 3383 τὴν
355 3309 519 3374 ’Άντιτταν
541 3309 590 3373 καί
613 3311 776 3386 Μήθυμναν
897 3311 1021 3377 Nemini
1046 3312 1176 3378 dubium
1199 3312 1277 3389 erit,
1312 3313 1392 3397 quin
1414 3334 1473 3398 pro

205 3425 320 3493 insono
351 3427 494 3508 παρέπλει
540 3428 566 3493 Β
597 3435 684 3497 reete
715 3428 836 3495 scribat
858 3430 1070 3517 παραπέμπει,
1104 3431 1243 3497 aValla
1266 3451 1395 3516 quoque
1418 3453 1471 3498 ex·

206 3567 352 3631 pressum
379 3552 540 3628 „armatos
562 3547 708 3614 terrestri
730 3547 842 3614 itinere
866 3547 1072 3615 transmisit''.
1100 3548 1251 3616 Nonnulli
1273 3549 1348 3615 libri
1370 3550 1470 3634 paulo

206 3663 292 3729 infra
321 3671 396 3748 post
426 3665 569 3745 παρέπλει
600 3672 750 3750 repetunt
779 3669 826 3732 ἐπὶ
849 3669 901 3742 τὴν
920 3668 1082 3734 ’Ἄντισσαν
1109 3670 1158 3733 καί
1182 3670 1362 3748 Μήθυμναν,
1387 3690 1472 3754 quae

205 3784 324 3850 iterata
345 3784 445 3850 verba
467 3783 636 3869 languent,
665 3806 768 3870 neque
791 3787 824 3851 in
847 3787 873 3852 B
897 3786 1034 3853 exstent.
1077 3779 1215 3871 ¹Opinari
1238 3788 1375 3855 fortusse
1400 3790 1473 3874 quie

204 3905 310 3989 possit
333 3903 459 3970 Vellem
483 3904 594 3970 addite
618 3905 685 3970 sine
708 3926 806 3972 oense
827 3906 924 3972 verba
942 3906 1087 3973 iudicare
1102 3927 1181 3973 voce
1200 3907 1369 3987 „eodem‚”
1386 3912 1474 3993 quod

204 4029 313 4092 tamen
336 4022 522 4091 adverbium
545 4044 595 4089 me
615 4023 722 4108 judice
744 4025 913 4108 interpreti
935 4025 1118 4092 necessario
1144 4027 1365 4111 usurpandum
1389 4027 1470 4116 fuit,

205 4165 277 4210 eum
310 4144 345 4209 in
383 4142 492 4209 latinis
527 4141 656 4226 quidem
690 4148 830 4227 nequeat
864 4143 978 4209 obesse
1016 4142 1183 4223 ,‚eodem’':
1221 4145 1311 4230 „ipse
1341 4166 1472 4233 quoque

207 4263 320 4331 eodem
343 4284 416 4330 oum
438 4261 574 4332 novibur
596 4261 662 4318 nnl-
684 4282 725 4310 εν
745 4261 851 4318 eoem
873 4259 961 4328 chiis
983 4262 1055 4328 vele
1075 4261 1181 4344 feeit,''

247 4378 272 4472 ἓ
295 4380 325 4449 5.
350 4381 443 4471 Vulg.
959 4380 1161 4461 ννίναλαβὼν,
1179 4389 1292 4464 Bente
1308 4387 1472 4469 ἀναλαβών
