3098 4988
737 319 802 396 12'0

135 579 293 647 vocabulo
317 581 479 666 perspicio
505 603 634 649 manum
658 582 857 649 correctoris.
890 581 925 648 Si
948 582 1032 649 enim
1056 602 1153 648 naves
1175 581 1250 648 illae
1268 582 1407 649 sedecim

133 699 169 764 in
202 698 446 786 Hellespontum
481 702 598 768 missae
632 700 665 767 et
699 702 795 768 aliam
832 707 1052 786 semotamque
1086 703 1247 786 regionem
1284 707 1408 768 vastas·

135 826 225 905 sent,
255 819 393 886 libenter
425 841 465 886 ex
486 819 514 885 B
537 821 713 906 reciperem
736 820 902 888 relativum
909 846 918 899 ;
947 842 1032 887 nuuc
1055 842 1131 887 vero
1154 842 1226 887 cum
1250 841 1351 888 naves
1374 822 1407 887 iu

134 936 380 1024 Hellespontum
415 939 580 1024 proiectae
609 941 784 1026 populatae
816 941 880 1008 sint
910 947 1037 1026 partem
1061 939 1276 1008 Chersonnesi
1306 940 1409 1007 Thra·

134 1057 242 1143 cicae,
280 1059 376 1144 juxta
418 1058 534 1125 fretum
582 1059 660 1125 illud
701 1059 802 1146 sitae,
846 1080 1052 1144 nequaquam
1090 1058 1297 1144 probandum
1331 1066 1410 1144 puto

135 1176 333 1244 Vaticanum.

179 1414 286 1501 Caput
311 1416 375 1481 100
398 1413 422 1506 ᾖ
446 1415 476 1482 3.
501 1416 592 1502 Vulg.
616 1416 684 1494 ἅμα
700 1419 730 1483 δὲ
746 1465 753 1481 .
769 1468 776 1483 .
793 1471 800 1486 .
815 1468 822 1482 .
840 1418 980 1496 ἐβούλετο
1004 1420 1050 1484 ἐπ’
1071 1419 1163 1492 αὐτὴν
1179 1418 1316 1491 πλεύσας
1332 1471 1339 1486 .
1354 1470 1361 1486 .
1378 1469 1407 1485 ..

133 1536 270 1613 ἐξελεῖν
295 1542 397 1616 recte3
428 1543 464 1603 ut
487 1538 584 1604 etiam
607 1538 718 1606 Valla:
749 1539 866 1626 „simul
890 1537 1017 1605 volebat
1040 1538 1074 1603 iu
1098 1538 1232 1605 Eresum
1257 1539 1408 1625 navigare

225 1660 430 1740 erepturus
453 1677 525 1724 eam
549 1658 578 1724 si
601 1656 742 1743 posset”.
777 1658 805 1723 B
829 1664 862 1724 et
884 1657 940 1725 alii
963 1657 1037 1724 libri
1059 1657 1206 1724 nonnulli
1233 1679 1404 1745 perperam

136 1772 270 1849 ἐξελθεῖν.

181 1892 263 1962 Ibid.
288 1891 378 1978 Vulg.
402 1894 585 1975 προσέβαλον
608 1894 728 1979 πρώτῃ
750 1893 904 1976 Μηθύμνῃ.
939 1905 961 1960 Β
986 1901 1140 1975 πρῶτον,
1171 1914 1237 1980 quo
1270 1896 1407 1964 vivacior

135 2010 172 2076 fit
204 2013 307 2079 oratio
338 2013 506 2098 magisque
538 2034 578 2081 ex
599 2014 775 2102 [scriptoris
797 2034 857 2080 usu
880 2019 930 2080 est
953 2013 1072 2079 dictum
1095 2013 1136 2082 ci.
1161 2036 1189 2081 c.
1213 2015 1267 2082 44.
1314 2015 1405 2082 Valla

136 2132 310 2198 assentitur
334 2132 509 2198 Vaticano:
535 2133 692 2218 „primum
715 2132 821 2199 adorti
844 2132 973 2200 fueraut
995 2131 1242 2219 Methymnam'’.

179 2256 199 2334 ξ
223 2251 253 2316 4.
277 2250 370 2337 Vulg.
384 2231 507 2324 7ααίσαις
529 2260 597 2325 ταῖς
621 2251 731 2338 ναυσὶν,
754 2258 858 2333 recte,
882 2257 919 2318 ub
941 2250 1052 2317 Valla:
1078 2272 1171 2332 „cum
1187 2255 1258 2318 tuba
1273 2251 1403 2321 classc”.

133 2384 155 2437 B
178 2375 263 2438 πᾶσι.

179 2490 261 2556 Ibid.
293 2488 385 2575 Vulg.
418 2492 636 2573 προαφιγμὲνας
766 2485 808 2562 ἦν.
844 2488 956 2556 Valle:
999 2488 1265 2570 ‚,anteverberab'’.
1306 2493 1346 2558 In
1378 2491 1401 2558 Β

134 2609 254 2694 injuria
277 2608 370 2677 abest
392 2608 434 2687 ἦν.

182 2730 264 2799 Ibid.
289 2730 380 2815 Vulg.
403 2729 451 2796 ὅτε
475 2731 606 2809 ἠγγέλθη
630 2732 729 2803 αὐτοῖς
752 2732 769 2805 ἡ
794 2735 848 2794 τῶν
871 2727 1015 2812 weydden
1038 2727 1113 2806 αὕτη
1137 2729 1286 2807 διάβασις.
1308 2744 1331 2798 Β
1354 2734 1401 2816 ὡς,

137 2871 237 2934 quum
260 2855 397 2933 utraque
420 2848 579 2934 conjuctic
604 2849 758 2932 quadret,
783 2849 822 2914 de
846 2847 1045 2915 correctione
1062 2849 1168 2933 cogito
1184 2850 1218 2915 in
1234 2849 1272 2917 B.
1298 2850 1401 2918 Valla:

139 2971 235 3050 „dum
258 2969 288 3035 ei
304 2972 348 3054 (l)
372 2968 412 3033 de
435 2967 496 3033 hoc
520 2967 648 3033 exulum
671 2968 810 3053 trajectu
833 2966 967 3034 allatum
991 2966 1109 3036 esset’'.

178 3088 203 3180 ξ
226 3090 260 3155 5.
282 3088 377 3172 Vulg.
401 3085 451 3152 sal
474 3090 683 3165 Μηθυμναῖαις
707 3086 734 3151 Β
757 3085 876 3171 injuria
899 3085 991 3153 addit
1012 3087 1192 3155 articulum.

181 3296 287 3382 Caput
311 3298 372 3362 101
398 3295 422 3387 ξ
449 3298 476 3361 l.
510 3296 601 3382 Vulg.
630 3298 662 3360 αἱ
693 3298 726 3360 ἑκ
757 3303 808 3370 τῆς
841 3297 926 3374 Xlov3
962 3296 1045 3362 Bet
1076 3298 1221 3365 nonnulli
1253 3299 1310 3369 alii
1333 3301 1404 3369 libri

136 3416 289 3482 omittunt
326 3416 515 3501 articulum3
558 3415 695 3500 injuria,
734 3435 806 3481 cum
845 3435 942 3481 naves
980 3415 1078 3483 hasce
1114 3416 1182 3502 jam
1218 3420 1405 3488 memorarit

135 3535 274 3621 scriptor
297 3555 324 3600 c.
357 3535 400 3600 99
432 3533 504 3616 fin,
528 3540 565 3602 nt
587 3533 730 3601 Stahlius
762 3533 865 3600 docet.

179 3655 204 3747 ξ
227 3658 258 3722 2.
283 3654 377 3741 Vulg.
401 3654 667 3736 παραπλεύσαντες
691 3655 743 3727 τὴν
768 3655 906 3730 Κυμαίαν
929 3661 1161 3736 περαιοῦνται
1185 3659 1213 3722 ἐν
1236 3658 1404 3741 Ἀργινούσ-

135 3804 216 3860 cum
248 3778 293 3846 sic
326 3796 436 3843 omues
464 3775 545 3842 libri'
572 3781 705 3858 excepto
740 3773 850 3842 codice
885 3797 949 3842 uuo
973 3778 1092 3863 pejoris
1118 3784 1214 3848 notae
1245 3784 1319 3868 (E),
1352 3783 1405 3870 qui

135 3919 306 3984 perperam
340 3895 475 3990 praebet
508 3895 758 3966 δειπνοποιοῦντες.
805 3894 945 3962 Maxime
978 3900 1194 3968 memorabilis
1226 3907 1276 3969 ost
1307 3903 1404 3972 locus.

136 4020 280 4105 Apparet
303 4023 486 4100 περαιοῦνται
512 4015 546 4080 iu
565 4018 716 4080 contextu
737 4015 865 4082 omniuo
886 4036 949 4081 non
968 4018 1149 4105 quadrare,
1173 4041 1277 4106 neque
1297 4029 1406 4092 tamen

137 4160 213 4206 vera
241 4137 402 4221 scriptura
432 4157 473 4203 ne
496 4156 516 4202 a
540 4135 680 4200 secunda
707 4134 836 4219 quidem
858 4156 955 4201 mauu
978 4134 1012 4200 in
1034 4135 1118 4205 libro
1140 4139 1206 4207 ullo
1229 4140 1402 4213 invenitur.

137 4257 302 4324 Siucerum
337 4261 445 4321 autem
483 4255 791 4320 δειπνοποιοῦνται
831 4254 923 4321 uobis
959 4256 1095 4323 servavit
1134 4258 1230 4326 Valla
1262 4267 1403 4331 vortam:

144 4375 305 4463 „provecti
328 4397 417 4442 oram
440 4373 635 4461 Cumanam,
660 4393 834 4441 coenavere
858 4372 891 4438 iu
919 4372 1136 4461 Argiunssis”.
