3098 4988
701 335 743 398 67

85 572 169 653 104,
195 573 213 638 1
238 576 272 639 et
293 572 372 661 VII,
397 573 427 656 7,
456 577 471 638 l
497 574 752 658 cognoverimus,
784 593 849 639 non
881 572 1063 639 faciendum
1085 575 1136 639 est
1159 592 1230 638 cum
1253 571 1299 650 B,
1322 571 1355 636 in

84 713 150 776 quo
173 693 206 757 οἱ
230 695 280 760 est
302 680 464 760 omissuri.
509 692 605 759 Valla
628 693 708 758 nihil
731 693 833 759 decen

128 809 213 878 Ibid.
249 811 340 897 Vulg.
375 812 664 891 ξομπολειοήσοοσοοι,
691 827 712 879 Β
736 813 1053 891 ξνμδιοοοιολεμήοοισοιι
1081 810 1263 878 accuratius
1291 809 1354 875 dic·

83 935 169 996 tum:
192 928 279 996 haud
303 936 412 998 tamen
435 933 501 1000 scio
525 954 635 1000 annon
660 932 824 1018 scriptoris
847 932 948 1017 ipsius
972 931 1015 998 sit
1041 951 1154 997 manus
1173 930 1210 1015 ¹).
1244 928 1354 996 Valla=

85 1055 182 1134 „post
204 1055 331 1134 gestum
353 1050 420 1117 illic
444 1052 655 1119 communiter
677 1051 828 1118 bellum.''

127 1166 209 1232 Ibid.
246 1165 338 1252 Vulg.
360 1171 601 1252 οὶιιοοιιφνεῑοοι,
625 1175 663 1236 ut
685 1168 796 1236 Valla:
824 1165 1088 1254 „deprehensae”
1124 1167 1258 1232 Bmale
1280 1167 1355 1231 οὶοιο-

79 1288 262 1368 λειφθεῖσοον.

128 1554 237 1641 Caput
262 1556 303 1620 14
318 1553 342 1644 ξ
358 1556 390 1624 2.
415 1555 508 1642 Vulg.
532 1556 582 1620 κον)
606 1556 807 1634 λεγομένων
834 1555 944 1639 λόγων,
970 1566 991 1618 Β
1015 1553 1212 1630 γενομένων
1228 1551 1354 1638 elegan-

79 1674 156 1740 tius.
191 1672 301 1739 Valla:
328 1671 521 1752 „Chalciden
544 1679 577 1740 et
599 1674 766 1741 Alcibiade
791 1674 980 1741 dicentibus.

129 1790 154 1881 ξ
178 1795 208 1858 3.
233 1792 326 1876 Vulg.
350 1792 505 1871 διαβάντες
529 1792 555 1858 δ’
579 1794 678 1869 εὐθὺς,
704 1807 725 1858 Β
748 1814 807 1878 pro
831 1817 865 1858 τε
888 1791 987 1858 habet
1009 1791 1055 1875 δέ,
1080 1790 1167 1875 quod
1183 1790 1353 1858 Classenus

82 1909 246 1977 defendit:
271 1935 320 1996 τε,
349 1909 407 1976 das
432 1910 507 1976 vat.
532 1910 915 1997 santabarenum
939 1911 990 1977 die
1012 1910 1239 1978 unmittelbare
1258 1911 1355 1997 Folge

82 2030 140 2096 des
166 2027 457 2114 Voraufgehenden
489 2029 569 2097 ein.''
616 2031 707 2109 Quod
739 2037 846 2097 autem
870 2032 897 2097 si
920 2051 1028 2097 verum
1051 2036 1116 2108 est,
1142 2030 1295 2115 sequitur,
1317 2037 1355 2097 ut

80 2147 222 2214 libenter
254 2167 422 2214 careamus
453 2148 553 2226 εὐθύς,
577 2149 665 2233 quod
689 2169 801 2216 revera
823 2170 889 2216 non
916 2149 994 2215 vidit
1009 2148 1118 2216 Valla:
1155 2149 1222 2229 „nt
1249 2150 1355 2216 cuncti

82 2265 279 2335 Clazomenii
301 2268 497 2352 transgressi
519 2267 552 2333 in
577 2265 821 2348 continentem'’,
841 2287 917 2335 voce
935 2266 1080 2353 „cuncti”
1096 2274 1203 2335 autem
1219 2268 1353 2335 cursivis

82 2407 239 2473 expressa
261 2385 384 2453 litteris.

126 2504 210 2571 Ibid.
234 2504 329 2590 Vulg.
353 2503 464 2578 πάντες
489 2507 517 2570 ἕν
540 2508 706 2590 τειχισμῷ,
731 2519 752 2570 Β
776 2506 804 2568 ἐν
827 2509 972 2588 τειχισμῷ
995 2531 1029 2571 τε
1044 2530 1164 2579 οιοιντες.
1193 2505 1276 2584 Quid
1291 2505 1353 2572 sibi

81 2623 158 2691 velit
180 2649 231 2703 τε,
256 2644 277 2689 a
300 2622 397 2689 Valla
420 2623 614 2708 neglectum,
640 2644 703 2689 non
728 2623 827 2690 video.

126 2881 236 2976 Caput
260 2891 301 2955 15
324 2888 348 2979 ξ
374 2891 401 2955 l.
433 2888 523 2974 Vulg.
547 2897 599 2963 τῆς
623 2889 768 2967 μεγίστης
791 2890 904 2963 πόλεως
927 2891 1206 2968 accensantur,
1232 2911 1272 2956 ex
1292 2912 1353 2958 usu

81 3009 248 3094 scriptoris
273 3008 393 3075 dictum
411 3009 449 3090 2),
472 3009 499 3073 B
515 3009 783 3090 ἀφεστηκυίας,
801 3010 886 3094 quod
898 3009 1020 3076 inutilis
1033 3011 1234 3096 conjecturae
1250 3009 1352 3077 simile

83 3151 154 3197 esse
179 3128 307 3195 videtur
329 3126 555 3194 Herwerdeno.
591 3126 687 3193 Valla
713 3133 808 3213 „post
830 3128 988 3195 maximae
1010 3128 1098 3194 urbis
1120 3128 1352 3195 rebellionem.''

127 3246 209 3313 Ibid.
237 3245 327 3331 Vulg.
351 3246 604 3330 ἐψηφίσαντο...
629 3252 698 3320 νοῦς
722 3255 847 3330 πληροῦν
869 3249 916 3325 μή
939 3249 1062 3326 ὀλίγοις,
1086 3260 1108 3312 Β
1131 3250 1192 3312 οὐκ
1213 3245 1352 3314 fortasse

82 3367 211 3434 rectius.

15 3484 19 3489 ⁴
128 3485 211 3552 Ibid.
235 3484 328 3570 Vulg.
361 3483 600 3565 eroassrxffiae,
636 3497 657 3549 Β
689 3485 928 3566 Στρομιοιχιῒνς,
961 3485 1121 3552 sollemnis
1153 3506 1253 3554 error.
1299 3485 1351 3552 sic

85 3604 183 3671 etiarn
208 3625 235 3671 c.
261 3604 321 3683 16,
345 3600 405 3682 30,
429 3603 482 3668 62.

131 3871 239 3956 Caput
270 3872 312 3937 16
335 3867 360 3959 g
384 3871 414 3935 1.
449 3870 542 3954 Vulg.
573 3871 623 3935 κοιὶ
647 3872 660 3935 ὅ
683 3871 768 3954 πεζος
791 3872 859 3950 οἷμον
881 3872 940 3937 acci
963 3873 976 3937 ὅ
1000 3877 1055 3937 τῶν
1078 3872 1279 3953 Κλαζομενίων
1301 3871 1350 3935 aa>

86 3987 255 4071 Ἐουοροιίον
278 3992 391 4074 cupae.
421 3989 460 4055 In
483 3990 509 4055 B
533 3989 625 4056 abest
648 3991 697 4056 aci
722 3990 877 4076 alterum,
900 3991 997 4076 idque
1013 3996 1108 4058 recte.
1132 3989 1242 4075 Neque
1256 3988 1352 4057 Valla

119 4298 148 4363 1)
167 4299 198 4349 cf.
215 4299 296 4362 praei
313 4313 370 4364 pag.
387 4298 460 4349 vlu,

122 4395 150 4459 Β)
168 4394 245 4458 ο1.1,
265 4393 326 4458 107,
344 4393 368 4445 4.
384 4393 412 4459 2,
430 4393 470 4458 67,
488 4394 512 4446 1.
529 4395 558 4457 5,
576 4395 620 4459 19,
639 4395 662 4445 Β.
