3098 4988
575 377 811 430 PRAEFATIO.
1287 375 1330 429 m

60 598 193 685 ίστορίαν.
232 604 282 677 ἔτη
317 605 376 685 γαρ
410 602 489 667 ἑπτα
518 602 567 667 καί
599 602 685 667 εἴκοσι
716 601 934 682 περιειληφότος
967 608 1016 666 τοῦ
1049 602 1195 681 πολέμου,
1227 603 1329 668 ποίντα

58 723 106 794 τὸν
136 723 235 803 χρόνον
257 727 357 789 τοῦτον
379 718 432 794 ἕως
455 728 508 795 τῆς
531 721 722 793 καταλύσεως
746 722 835 785 αὐτοῦ
858 719 981 804 βιῶσαι,
1012 720 1101 801 μέχρι
1124 727 1174 786 τοῦ
1197 721 1328 802 δευτέρου

58 843 108 907 καί
131 843 258 907 εἰκοστοῦ
282 840 487 918 κατεβίβασεν
510 839 589 911 ἔτους
605 841 657 914 την
672 839 816 923 ἱστορίαν,
832 847 869 920 τη
885 838 948 918 περί
964 839 1052 911 Κυνὸς
1068 847 1153 918 σῆμα
1168 841 1326 924 ναυμαχίρι

58 963 110 1035 την
139 960 242 1039 δγδίην
271 959 379 1038 βίβλον
410 960 600 1039 παρεκτείνας
627 957 676 1022 καί
699 963 800 1024 ταῦτα
823 959 989 1039 προειρηκὼς
1013 959 1042 1022 έν
1064 960 1105 1039 τῷ
1129 957 1230 1025 σαντα
1253 983 1329 1040 περι·

58 1081 205 1160 ληφεσίαι
237 1079 277 1144 τίκ
309 1078 481 1159 πραχθέντα
511 1078 592 1143 κατίι
624 1076 703 1143 τόνδε
725 1075 775 1142 τὸν
797 1076 941 1155 πόλεμον·
965 1077 1027 1142 καί
1050 1078 1085 1142 ἐν
1107 1088 1150 1160 τῇ
1174 1078 1328 1162 πέμπτη
1356 1080 1390 1135 ‘²1‘

58 1198 182 1278 βίβλῳ
212 1199 329 1263 ποίλιν
358 1201 721 1280 συνανακεφαλαιῶν
754 1220 793 1261 τε
828 1195 913 1268 τοὺς
944 1196 1093 1277 χρόνους
1123 1198 1188 1279 αφ’
1217 1194 1256 1262 οὗ
1287 1222 1327 1262 τε

59 1315 193 1398 ἤρξατο
223 1318 284 1381 καί
315 1316 426 1398 μέχρι
455 1312 494 1382 οὗ
521 1316 700 1395 προελθὼν
730 1315 930 1401 κατελίίη,
960 1320 1081 1382 ταῦτα
1104 1317 1202 1381 κατοδ
1224 1315 1326 1393 λέξιν

56 1437 247 1518 γέγραφε;
286 1435 357 1522 »καί
392 1442 451 1508 τοῖς
482 1434 542 1500 οίπδ
573 1439 714 1515 χρησμῶν
746 1458 774 1500 τι
805 1434 1036 1515 ίσχνρισαμένοιο
1067 1435 1151 1513 μένον
1182 1435 1215 1510 δη
1245 1441 1330 1501 τοῦτο

60 1557 188 1636 ,,ε’χυρῶς
218 1553 350 1633 ξυμβαίν.
382 1555 428 1619 aa}
460 1554 520 1634 γδιρ
549 1554 648 1632 έγογε
671 1554 841 1631 μέμνημαι,
867 1552 915 1618 καί
938 1552 1101 1635 οίρχομένου
1124 1559 1175 1621 τοῦ
1198 1554 1328 1632 πολέμου

61 1676 129 1756 ,μιαί
161 1675 250 1754 μέχρι
280 1671 314 1738 οὗ
343 1673 533 1769 ἐτελεύτησεξ
566 1673 776 1755 προφερόμενον
807 1671 863 1737 ὑπὸ
885 1677 1001 1739 πολλῶν
1023 1669 1066 1738 ὅτι
1090 1673 1149 1754 τρίς
1172 1674 1253 1739 ἐννέα
1277 1673 1328 1750 ἔτη

62 1793 137 1878 ηδέοι
168 1792 301 1869 γενέσθαι
331 1791 429 1858 αὐτόν.
461 1791 586 1870 ἐπεβίων
615 1792 645 1856 δέ
668 1791 716 1857 διεδ
740 1792 849 1864 παντὸς
875 1792 985 1876 αὐτοῦ,
1008 1790 1211 1870 αίσίανίμενίς
1234 1817 1267 1858 τε
1291 1802 1329 1874 τῇ

61 1913 179 1995 ,μὶλικίρι
210 1912 259 1977 καί
287 1912 437 1993 προσέχων
460 1912 512 1985 την
535 1910 672 1997 γνῶμην,
698 1908 774 1985 ῶπας
797 1909 916 1990 οίκριβές
939 1934 968 1976 τι
992 1908 1124 1986 είσομαι·
1149 1910 1198 1976 καί
1221 1910 1329 1988 ξυνέβη

62 2056 130 2111 ,μοι
153 2032 276 2116 φεύγειν
300 2033 352 2106 την
375 2034 505 2109 ἐμαυτοῦ
530 2032 580 2106 ἔτη
604 2029 690 2097 είκοσι
713 2032 794 2108 pert
813 2031 867 2105 sir
881 2032 912 2102 ές
927 2030 1111 2110 Ἀμφίπολιν
1125 2031 1328 2112 στρατηγίαν,

61 2152 130 2232 „aci
156 2153 300 2233 γενομένῳ
322 2155 392 2232 παρ’
416 2153 591 2232 αμφοτέροις
616 2158 674 2224 τοῖς
697 2141 876 2236 πράγμασι,
901 2150 950 2216 καί
974 2151 1032 2231 οὐχ
1050 2148 1136 2226 ,ἧσσον
1156 2157 1214 2224 τοῖς
1237 2160 1329 2217 Πελο-

60 2271 234 2351 „coronetur
265 2271 312 2336 διίι
342 2272 394 2345 την
425 2271 544 2352 φυγήν,
575 2271 639 2335 καί
671 2271 800 2351 ἡσυχίαν
831 2293 859 2335 τι
890 2270 986 2334 αὐτῶν
1016 2272 1135 2345 μῶλλον
1165 2269 1331 2358 αίσίέσίαι,

61 2393 144 2470 „rio
173 2388 231 2456 οὖν
262 2390 359 2468 μετὰ
391 2390 437 2454 τίι
469 2389 556 2455 δέκα
588 2388 649 2465 έτη
681 2388 863 2485 διαφοροίν
892 2413 933 2456 τε
963 2387 1025 2454 καί
1052 2386 1240 2468 ξύγχυσιν
1262 2394 1330 2455 τῶν

61 2511 239 2589 ,,σπονδῶν
262 2511 322 2575 καί
348 2510 395 2575 τοί
418 2509 552 2575 ἔπειτα
573 2512 616 2582 ῶς
639 2510 848 2587 ἐπολεμήθη
871 2506 1133 2585 ε’ξηγῆσομαι.”
1156 2507 1329 2593 Dionysius

59 2629 159 2717 igitur
188 2634 225 2694 ut
256 2627 443 2713 scriptorem
473 2626 569 2695 fidem
600 2648 664 2694 non
696 2627 896 2719 praestitisse
918 2633 1051 2712 arguat,
1076 2625 1192 2711 capitis
1216 2625 1329 2694 laudat

58 2745 172 2824 finem;
208 2747 327 2813 idcirco
358 2752 482 2814 constet
510 2767 640 2814 necesse
672 2753 722 2814 est
752 2746 883 2833 cuique,
917 2767 1007 2832 eum,
1038 2746 1067 2812 si
1097 2745 1196 2812 verba
1227 2766 1247 2811 a
1279 2766 1329 2812 me

59 2886 158 2951 snpra
191 2866 225 2930 in
260 2866 379 2931 crimen
414 2869 527 2931 vocata
560 2864 709 2950 vidisset,
744 2864 841 2931 etiam
873 2885 911 2932 eo
941 2863 1042 2932 fuisse
1073 2869 1328 2949 provocaturum

59 2984 192 3051 Accedit
215 2990 252 3051 ut
273 2984 388 3068 capitis
411 2983 494 3050 initii
517 2984 627 3077 spuria
649 2989 769 3050 natura
791 2984 917 3069 egregie
936 2984 1108 3051 denotetur
1122 2982 1329 3069 paragrapho
1397 2992 1399 2999 '

57 3105 188 3191 ultima,
215 3124 299 3189 quae
322 3123 386 3169 nor
410 3102 513 3170 solum
536 3102 635 3169 verba
657 3102 840 3187 proscripta
862 3106 899 3167 ut
920 3102 1017 3186 plane
1041 3101 1206 3169 abundent
1229 3122 1328 3168 causa
1356 3100 1529 3206 ijedcupffl

58 3229 117 3299 est,
141 3222 328 3306 sedetiam,
351 3242 458 3288 verum
476 3220 636 3289 scribendi
652 3220 845 3305 Thucydidis
861 3220 999 3287 colorem
1015 3219 1185 3305 exhibens,
1201 3225 1327 3287 mutum

59 3341 153 3407 docet
175 3347 340 3408 auctorem
363 3341 514 3408 habuisse
536 3340 571 3405 in
594 3341 700 3408 animo
716 3338 815 3406 totius
831 3338 907 3406 belli
924 3339 1126 3406 conscribere
1142 3338 1327 3420 historiam,

59 3460 145 3544 quod
177 3467 284 3526 autem
316 3459 483 3527 consilium
515 3460 685 3544 quominus
718 3459 759 3526 sit
788 3465 954 3543 peractum
984 3479 1071 3526 mors
1094 3457 1257 3542 impedivit
1278 3457 1328 3525 in·

59 3578 258 3662 tempestiva.
305 3577 531 3645 Minutioribus
566 3599 649 3662 quae
684 3599 735 3644 ms
768 3577 802 3643 in
836 3576 953 3661 spuriis
988 3574 1155 3643 offendunt
1186 3575 1329 3654 omissis,

60 3694 230 3762 lectionem
259 3695 344 3763 hune
373 3697 407 3762 in
431 3697 560 3764 modum
584 3697 761 3764 constituo:
786 3697 828 3780 (o.
853 3695 897 3761 25
919 3693 1006 3777 finis)
1030 3695 1134 3760 ἔπειτα
1157 3695 1254 3768 μέντοι
1279 3693 1328 3758 καί
1413 3750 1420 3759 ,.
1464 3778 1469 3787 ¹

60 3815 306 3891 ἀναγκασθέντας
336 3822 425 3882 λῶσαι
457 3817 513 3890 τίις
545 3817 626 3893 μετίι
655 3817 696 3881 τοί
728 3814 797 3880 δέκα
827 3815 877 3890 έτη
900 3813 1026 3886 σπονδοίς
1049 3810 1128 3885 αὖθις
1150 3814 1179 3888 ές
1202 3813 1329 3891 πόλεμον
1411 3821 1426 3865 ’ί
1464 3794 1478 3823 ”

60 3934 184 4014 φανερὸν
215 3935 401 4011 κατέστησαν
438 3934 588 4024 [γέγραφε
711 3934 891 4020 χειμῶνας],
923 3932 1012 4014 μέχρι
1042 3929 1075 3998 οὗ
1103 3933 1156 4008 τήν
1177 3957 1211 3997 τε
1233 3933 1329 4013 οίρχίιν

60 4055 255 4120 κατέπαυσαν
285 4060 341 4120 τῶν
371 4056 526 4132 Ἀθηναίων
557 4053 777 4131 Λακεδαιμόνιοι
807 4054 868 4120 κτέ.
914 4051 999 4119 Ecce
1029 4072 1047 4118 e
1076 4049 1222 4136 pluribus
1249 4050 1328 4117 loeis

60 4194 159 4250 unus,
195 4174 251 4258 qui
285 4173 489 4241 librariorum
524 4173 661 4242 audacia
693 4173 822 4258 penitus
853 4177 903 4240 est
934 4175 1149 4255 corruptus.-
1163 4167 1254 4247 Quod
1285 4166 1328 4235 ad

60 4293 226 4378 scriptoris
250 4293 395 4359 codicum
418 4294 535 4361 attinet
557 4293 714 4379 pretium,
738 4292 773 4358 in
794 4291 885 4358 libris
907 4290 1068 4375 prioribus
1084 4309 1141 4356 sex
1156 4288 1327 4354 discrimen

61 4411 123 4479 uisi
146 4418 301 4501 pertenue
324 4415 373 4480 est
395 4410 724 4482 animadvertendum.
771 4410 861 4479 Licet
883 4410 981 4480 etiam
1003 4409 1037 4480 in
1053 4407 1117 4479 illis
1133 4407 1327 4488 Vaticanus,

157 4502 195 4555 pu
207 4485 288 4546 butt
1136 4487 1333 4512 m*

1195 4525 1228 4586 10
