3098 4988
744 303 807 385 rot

134 548 262 644 Poppo.
309 558 421 644 Neque
444 563 553 626 tamen
576 580 649 625 oum
672 559 699 624 B
724 557 925 625 scribendum
950 566 1000 624 est
1022 557 1246 643 ἑξοργοριῶοοο,
1272 558 1358 643 quod
1378 556 1411 622 iu

133 678 246 745 Attico
268 698 417 745 sermons
440 699 505 745 uon
531 678 700 746 iuvenitur.
739 676 849 745 Valla:
878 677 925 757 „si
953 677 1047 743 modo
1074 677 1121 742 eis
1144 675 1342 744 confideret.
1358 729 1365 744 .
1381 725 1411 742 ..

134 818 173 864 se
289 796 484 864 venumdare
505 801 612 864 torum
635 793 759 864 suum''.

182 1035 293 1122 Capul
321 1036 377 1106 82.
409 1036 504 1122 Vulg.
534 1038 559 1103 ol
589 1037 615 1103 δ’
639 1037 861 1111 οἱκούοοντες
892 1041 1002 1102 τοῦτο.
1050 1034 1160 1102 Valla:
1202 1034 1314 1122 „Haeo

135 1155 337 1241 simulatque
359 1155 522 1227 audiaro”.
556 1156 767 1230 Βοὶκούοντες.
790 1156 845 1243 (of.
871 1157 931 1236 lb,
958 1158 1002 1242 1).

184 1274 265 1342 lbid„
296 1274 389 1362 Vulg.
419 1278 516 1342 sasai
539 1276 578 1343 τὸ
601 1278 733 1344 αὐτίκα
758 1303 850 1356 ....;
874 1288 896 1342 B
920 1277 979 1342 tra
1001 1275 1039 1340 τὸ
1063 1277 1214 1361 ebriam
1238 1279 1411 1358 utrumque

136 1415 213 1460 oum
247 1393 324 1460 viris
358 1394 463 1462 dootis
497 1395 662 1481 plerisque
696 1396 779 1464 duoo
814 1396 990 1482 glossema,
1028 1399 1132 1461 ortum
1165 1415 1182 1460 o
1214 1392 1336 1460 soholio
1371 1394 1413 1459 ad

135 1533 249 1581 vocem
271 1511 458 1590 ἦλλοὶξοοντοξ
484 1516 629 1590 ὠνήσαντο
652 1515 699 1580 Bria
722 1517 755 1581 τὸ
779 1516 898 1581 absiso.
935 1513 1046 1581 Valla:
1075 1513 1202 1598 „parati
1226 1513 1324 1580 elium
1346 1512 1414 1597 jam

84 1704 88 1711 ,
135 1638 208 1700 tum
322 1635 604 1719 contemptis
627 1633 774 1702 hostibus
798 1634 949 1720 navigare
972 1633 1007 1699 iu
1030 1631 1206 1699 Piraeum’'.

185 1751 265 1818 Ibid.
289 1751 382 1839 vulg.
405 1761 509 1820 πλεῖν
532 1780 572 1820 τε
595 1753 643 1818 ἐπὶ
667 1754 716 1818 τὸν
736 1758 869 1835 Πεοροοοῖο.
893 1752 1072 1820 Breotius:
1097 1753 1158 1818 κοοὶ
1183 1759 1296 1818 πλεῖν.
1320 1750 1415 1818 Valla

138 1871 223 1938 nihil
246 1892 308 1940 uos
331 1872 435 1941 docet.
480 1872 604 1941 Stahlio
628 1895 699 1941 oum
723 1899 756 1939 τε
780 1882 849 1941 tum
872 1875 923 1938 κοί
945 1871 1082 1939 eiioieuti
1106 1893 1169 1939 uon
1193 1871 1362 1938 assentior.

185 1989 264 2082 §2
298 1991 388 2078 Vulg.
422 1993 520 2071 ἐπειδὴ
554 1994 605 2059 καὶ
639 1997 807 2077 στρατηγὸς
842 1994 953 2076 ᾕρητο.
996 1994 1111 2074 Rooto;
1147 1993 1193 2059 sio
1227 2000 1260 2059 et
1298 1992 1411 2060 Valla:

140 2111 427 2197 „quandoquidem
458 2113 528 2198 ipse
557 2112 699 2180 delectus
721 2118 805 2207 esset
827 2111 1033 2198 imporator’'.
1067 2110 1095 2176 B
1119 2111 1259 2179 soloeoe:
1285 2109 1414 2194 clpam,
1528 2209 1531 2217 .

136 2234 240 2319 paulo
262 2238 372 2302 autem
394 2237 469 2319 post
492 2231 603 2316 piparas.

190 2472 297 2557 Caput
324 2471 367 2538 83
394 2470 418 2563 ξ
443 2475 472 2538 1.
509 2470 603 2557 Vulg.
637 2475 699 2549 τὴν
733 2473 963 2551 Ἀλκιβιάδου
998 2472 1160 2554 κάθοδον,
1200 2485 1222 2538 Β
1257 2475 1319 2548 τὴν
1353 2478 1413 2538 τοῦ

137 2591 382 2670 Ἀλκιβιάδου
406 2593 562 2658 κάθοδον.

185 2712 261 2794 §a
299 2711 389 2796 Vulg.
422 2711 472 2776 καὶ
496 2708 697 2788 §veteresceret
728 2711 812 2793 πρὸς
837 2712 1037 2797 ἀλλήλουςς
1062 2725 1084 2778 Β
1107 2715 1186 2777 κοτ’
1208 2712 1410 2788 ἀλλήλους,

137 2830 227 2915 quod
261 2834 430 2916 praestaro
464 2828 606 2907 videtum
641 2827 809 2906 ξυνουτοὶοου
845 2831 913 2911 πρὸς
947 2830 1137 2915 plerumque
1172 2837 1347 2915 usurpatur
1379 2829 1414 2894 in

138 2947 273 3016 notione
299 2945 495 3034 adjungendi
520 2967 554 3013 so
575 2946 671 3014 alicui
694 2948 797 3032 parti,
821 2954 858 3015 ut
881 2947 975 3015 docet
998 2947 1118 3034 Poppo.
1143 2947 1197 3034 (of.
1213 2947 1261 3027 11,
1288 2946 1330 3012 88
1338 2997 1348 3031 ‚
1369 2948 1412 3032 1).

138 3066 251 3134 Valla:
279 3066 414 3150 „ltaque
436 3065 522 3132 iuter
545 3084 579 3131 se
603 3065 719 3132 milites
742 3065 825 3133 alius
848 3067 890 3132 ad
913 3066 1011 3133 alium
1036 3065 1286 3133 couvenientes”.

184 3183 267 3252 Ibirl
292 3183 385 3269 Vulg.
417 3183 524 3250 Libri:
557 3184 606 3248 aori
630 3182 830 3262 ξυνοοτοίμευοο
854 3188 903 3251 rel
927 3187 1073 3261 ἀλλήλους
1190 3185 1213 3251 οἱ
1235 3190 1412 3266 supersim

139 3302 342 3386 ἀνελογίζοντο
376 3304 428 3368 κου’
457 3328 532 3377 τινος
563 3303 613 3368 ael
643 3310 699 3369 τῶν
729 3302 829 3369 ἄλλον
851 3311 905 3370 τῶν
936 3304 1096 3382 ἀξιολόγων
1122 3304 1272 3385 ἀνθρώπων
1295 3305 1354 3369 ael
1376 3306 1413 3370 οὐ

138 3424 247 3505 μόνον
278 3423 318 3489 τὸ
351 3423 629 3505 στροτοοτικόο.
676 3423 738 3490 Pro
770 3423 952 3510 Kruogoro,
984 3424 1039 3508 qui
1069 3424 1193 3508 primus
1224 3424 1415 3491 inanissima

138 3543 238 3612 verba
260 3544 310 3609 κοὶ
335 3546 367 3608 οὐ
391 3541 476 3622 patos
498 3542 531 3609 rb
554 3541 757 3624 erpavicensis
779 3542 970 3627 proscripsit
985 3541 1065 3610 fauit
1079 3541 1191 3629 Valla,
1215 3544 1302 3628 apud
1319 3565 1414 3628 quom

140 3663 245 3732 nostri
277 3663 477 3731 emblematis
506 3684 566 3730 noo
596 3663 668 3730 vola
692 3684 750 3730 uso
773 3664 938 3749 vestigium
962 3665 1137 3749 reperitur:
1172 3666 1306 3752 „Itaque
1330 3667 1414 3733 inter

141 3807 178 3853 so
199 3785 320 3853 milites
344 3783 427 3852 alius
451 3786 492 3852 ad
516 3785 614 3852 alium
638 3786 861 3853 couvenientes
878 3833 906 3851 ..
922 3834 951 3850 ..
969 3786 1233 3871 conspiraverunt
1245 3789 1287 3874 (l)
1311 3794 1343 3854 et
1359 3787 1416 3853 alii

141 3903 276 3988 quidam
299 3902 506 3970 authoritatis
529 3901 704 3972 homines''.

185 4021 269 4090 Ibid.
299 4019 394 4107 Vulg.
430 4021 447 4098 ἢ
481 4021 737 4110 δοοοοοουμοιχοὶσεο,
773 4027 869 4089 recte.
904 4023 1012 4107 Birta
1034 4025 1235 4105 νοουμοοχήοεο.
1269 4023 1413 4102 Vallum,

140 4144 197 4228 qui
231 4144 289 4227 ἰδίᾳ
319 4164 385 4211 nou
407 4143 580 4228 expressit,
616 4143 778 4230 vulgatam
801 4149 880 4229 puto
904 4143 1042 4213 rolorrs:
1070 4146 1151 4227 „uisi
1173 4146 1246 4230 quis
1271 4166 1325 4212 eos
1356 4150 1414 4212 aut
1539 4156 1546 4165 ·

140 4264 175 4330 iu
196 4263 356 4350 praelium
379 4261 539 4331 duseret''.

185 4380 267 4451 Ibid.
290 4380 383 4467 Vulg.
406 4379 465 4451 ὅθεν
485 4386 593 4468 τροφὴν
615 4382 689 4461 ἕξει,
717 4387 813 4451 recte.
837 4383 864 4449 B
888 4381 954 4461 ἕξοι.
980 4382 1075 4451 Valla
1100 4381 1413 4465 ,,υυᾶοο1ουουίυο”.

246 4499 250 4509 .
1280 4502 1312 4553 8*
