3098 4988
792 338 856 416 102'

195 584 257 655 etsi
288 607 406 674 graeca
438 607 504 654 non
538 591 688 654 accurate
721 587 858 654 reddens
892 591 1000 653 tamen
1033 606 1067 653 se
1096 586 1212 654 vidisse
1243 578 1373 661 rariora
1401 602 1464 656 nos

195 709 304 775 docet:
341 707 422 788 „iste
456 727 566 773 omnes
598 706 780 772 interventu
815 725 873 772 suo
903 705 1075 790 plerosque
1107 704 1286 773 Samiorum
1317 707 1464 791 periculo

195 823 409 905 exemerunt',
454 825 642 898 Baeterrae
668 845 764 890 sensu
787 843 931 890 vacuum.

241 1062 347 1148 Caput
363 1063 405 1128 74
426 1059 451 1153 ξ
475 1063 504 1129 3.
528 1062 620 1148 Vulg.
643 1060 691 1127 ἐπὶ
707 1061 741 1127 τὸ
755 1061 853 1142 μεῖζον
868 1060 970 1127 πήνπα
985 1061 1119 1136 ὅεονήσας
1133 1062 1286 1129 cellarois
1300 1065 1462 1140 Ἀθηνῶν.

194 1181 308 1250 Gentis
338 1181 460 1249 nomini
490 1181 663 1259 Ἀθηναίων,
694 1180 780 1265 quod
811 1179 910 1247 refert
939 1179 982 1266 B,
1013 1181 1103 1248 locus
1135 1187 1185 1249 est
1207 1183 1321 1249 nullus.
1367 1182 1464 1250 Valla

194 1305 298 1368 recte:
317 1299 551 1385 „quaesierant
566 1299 716 1378 Athenis,
736 1300 843 1367 omnia
858 1300 890 1365 iu
908 1299 1011 1386 majus
1023 1300 1053 1366 vi
1066 1300 1220 1368 orationis
1236 1301 1463 1386 exasperans''.

237 1419 310 1487 Ibid
340 1419 430 1505 Vulg.
460 1419 510 1485 καὶ
539 1420 635 1485 ὅπδσοο
666 1445 708 1485 τε
737 1422 766 1485 ἕν
799 1419 893 1501 aspa
919 1419 1139 1500 στρατεύονται.
1173 1420 1311 1487 Bsolus
1344 1421 1464 1488 omittit

192 1565 244 1618 τε,
276 1539 362 1625 quod
389 1559 452 1605 non
476 1558 540 1623 quo
562 1538 714 1624 respiciat
736 1537 850 1622 habet,
874 1558 979 1623 neque
1000 1539 1035 1604 in
1058 1538 1170 1606 Vallae
1194 1539 1463 1625 interpretatione

193 1662 315 1725 exstat:
341 1657 491 1738 „caedem
513 1675 641 1741 quoqne
665 1657 817 1723 statuisse
841 1655 982 1723 omnium
1006 1656 1062 1740 qui
1084 1656 1118 1722 in
1139 1655 1235 1724 Samo
1251 1657 1461 1724 militarent‘’.

238 1776 318 1843 Ibid.
341 1775 430 1863 Vulg.
454 1773 553 1858 εἴρξειν
575 1781 681 1856 reete,
704 1775 731 1841 B
754 1772 852 1856 ἕρξενν.

239 2013 455 2100 06166756
480 2015 509 2079 1.
542 2011 637 2098 Vulg.
667 2013 692 2077 οἱ
722 2012 746 2077 δ’
769 2011 989 2084 ἀκούσαντες
1020 2011 1068 2077 ἐπὶ
1100 2013 1166 2086 τοὺς
1196 2014 1249 2088 τήν
1280 2013 1462 2094 ὀλιγαρχίαν

194 2133 331 2215 μάλιστα
355 2134 534 2208 πονήσαντας
557 2130 606 2196 καὶ
631 2130 768 2196 ἐπὶτῶν
792 2129 979 2203 deterreris
1002 2131 1215 2212 μετασχόντας
1232 2131 1334 2208 τὸμὲν
1350 2137 1461 2213 πρῶτον

194 2252 329 2335 ὥρμησαν
358 2249 495 2328 βάλλειν.
542 2247 613 2326 Qua
643 2247 684 2314 ab
714 2249 850 2316 lectione
879 2248 906 2314 Β
929 2249 980 2316 bis
1006 2248 1146 2335 recedit,
1178 2251 1264 2319 solus
1287 2272 1346 2337 pro
1370 2252 1460 2318 dnod-

195 2398 302 2446 σαντες
325 2369 485 2457 praebens
507 2366 715 2448 ἀκούοντες,
739 2388 874 2451 cumque
896 2366 988 2434 libris
1012 2367 1143 2453 optimis
1158 2367 1209 2435 ἔτι
1225 2391 1285 2454 pro
1301 2371 1359 2436 ἐπί.
1385 2370 1461 2437 Vul-

195 2498 292 2578 gatae
322 2489 526 2577 participium
557 2508 616 2573 per
646 2507 680 2553 se
711 2486 830 2571 optime
861 2491 910 2552 est
932 2485 1116 2574 ferendum,
1141 2491 1285 2554 attamen
1308 2489 1460 2561 dacicum

194 2610 311 2678 alacris
344 2608 497 2676 orationis
524 2606 662 2674 colorem
685 2603 860 2691 amplificat
882 2603 1023 2689 alibique
1047 2626 1068 2672 a
1091 2607 1248 2692 scriptore
1270 2606 1350 2674 locis
1375 2608 1460 2675 simi·

194 2729 279 2797 libus
310 2734 359 2796 est
389 2730 578 2812 usurpatum
610 2723 651 2791 cf.
685 2726 723 2811 1,
747 2724 807 2802 64,
832 2725 862 2789 2.
893 2724 931 2805 6,
955 2725 993 2805 6,
1018 2725 1048 2790 3.
1073 2726 1111 2806 8,
1136 2725 1196 2810 83,
1224 2728 1252 2791 1.
1295 2727 1333 2791 In
1356 2727 1460 2794 altera

194 2849 330 2916 lectione
360 2846 466 2926 varia,
499 2845 560 2930 ἔτι,
594 2865 654 2929 pro
686 2842 807 2928 optimo
837 2841 920 2910 libro
951 2843 1123 2911 decernere
1154 2864 1248 2912 nemo
1279 2844 1458 2926 dubitabit;

196 2967 316 3034 iterata
346 2966 429 3032 enim
453 2962 691 3049 praepositione
714 2961 841 3027 omnino
866 2980 946 3045 opus
968 2981 1032 3027 non
1055 2965 1105 3026 est
1127 2965 1160 3027 66
1181 2962 1292 3046 pulcre
1316 2983 1393 3030 voce
1417 2965 1458 3030 ἔτι

196 3083 336 3151 ostendit
364 3080 572 3166 Thycidides‚
603 3101 718 3166 parum
749 3079 885 3166 afuisse,
918 3078 996 3164 quin
1019 3099 1083 3145 non
1107 3078 1211 3144 solum
1233 3101 1339 3146 rerum
1363 3103 1458 3150 nova-

196 3224 267 3269 rum
290 3204 453 3285 auctores,
477 3199 533 3266 sed
556 3198 653 3266 etiam
673 3199 730 3284 qui
744 3198 983 3283 conjurationes
998 3197 1173 3282 participes
1188 3196 1340 3283 fuissent,
1356 3205 1459 3267 morte

194 3325 301 3388 essent
323 3317 449 3384 multati
472 3337 493 3383 a
514 3317 616 3401 plebe.
662 3316 812 3383 Vaticani
835 3316 991 3383 autoritas
1014 3313 1145 3381 fulcitur
1168 3335 1189 3381 a
1210 3315 1319 3382 Valla:
1356 3337 1459 3403 ‚‚quae

194 3437 401 3505 audientes
424 3455 489 3501 non
512 3433 606 3500 modo
629 3452 684 3500 eos
708 3433 764 3518 qui
787 3438 908 3501 statum
930 3452 1106 3516 paucorum
1123 3432 1384 3518 introduxerant,
1403 3436 1459 3504 sed

194 3556 308 3622 etiam
331 3575 401 3632 eos,
426 3553 482 3638 qui
504 3551 677 3638 participes
700 3550 830 3619 fuerant
852 3555 1034 3619 statuerunt
1056 3572 1077 3618 a
1098 3551 1256 3637 principio
1280 3554 1459 3623 occidere''.

238 3673 262 3766 ξ
293 3676 324 3739 2.
363 3672 454 3758 Vulg.
488 3668 561 3738 orirer
591 3672 651 3752 γὰρ
684 3669 850 3749 μάλιστα
884 3672 1151 3752 προεστήκεσαν
1184 3679 1237 3747 τής
1273 3674 1457 3752 μεταβολῆς.

194 3795 300 3861 Minus
329 3791 509 3859 verisimilis
537 3791 572 3857 in
594 3790 621 3856 B
645 3791 813 3859 verborum
836 3791 933 3858 ordo:
970 3792 1247 3873 προεστήκεσαν
1277 3793 1458 3871 μάλιστα.

192 3911 302 3980 Valla:
337 3910 410 3992 „isti
440 3909 524 3978 enim
547 3909 713 3994 praecipui
737 3909 888 3976 authores
910 3910 1100 3976 exstiterant
1123 3912 1228 3976 status
1250 3909 1457 3979 innovandi’.

237 4030 318 4097 Ibid.
353 4027 447 4113 Vulg.
484 4022 503 4102 ή
528 4028 588 4106 μήν
609 4027 891 4110 δήμοκρατήσεσήαν.
935 4026 962 4091 F
965 4047 1055 4093 orma
1077 4025 1201 4107 media,
1224 4047 1321 4112 quam
1345 4030 1458 4099 laudat

193 4148 382 4228 scholiasta,
416 4146 508 4212 unice
542 4150 592 4212 est
625 4166 710 4214 vera.
755 4145 782 4211 B
817 4149 850 4212 66
879 4143 1025 4211 nonnulli
1059 4143 1114 4210 alii
1143 4144 1456 4227 δήρνκρασνήήσεσθον.

193 4265 302 4334 Valla:
329 4266 565 4351 „capessiturus
587 4265 817 4352 rempublicam
839 4264 1061 4351 popularem”.

237 4381 314 4474 §da
345 4383 437 4469 Vulg.
467 4383 518 4449 acl
548 4384 589 4450 rol
619 4383 790 4468 πράγματα
817 4383 943 4451 ποίντα
974 4427 1051 4451 ....
1081 4380 1401 4460 ξννεκοονώσαντο.
1436 4401 1458 4454 Β
