3098 4988
673 304 736 382 105

63 557 179 637 Σύριον.
228 556 350 635 Quater
379 558 420 623 ab
445 557 533 624 hisce
555 557 677 624 recedit
699 556 726 621 B
750 555 898 622 omittens
922 551 965 619 αἲ.
982 562 1015 623 et
1037 558 1112 632 καί,
1138 554 1254 621 deinde
1277 568 1336 639 pro

60 677 201 756 ὁρμοῦσαν
237 675 392 742 exhibens
427 676 615 757 ὁρμοῦντες
646 652 770 760 (λύ”ρῐό
799 676 995 746 ε’ποπλεούσας
1020 673 1217 740 substituens
1241 697 1337 749 προσ·

61 795 258 889 πλεούσας.
294 793 436 872 Quarum
460 796 601 862 omnium
624 794 692 861 fere
715 796 928 862 mutationum
953 815 1053 861 causa
1068 793 1129 859 fuit
1145 795 1213 880 asi,
1231 793 1337 879 quod,

62 913 188 995 effecit,
217 919 254 980 nt
276 908 309 979 ai
333 915 534 982 omitteretur
556 919 655 999 utque
678 916 815 997 ὁρμοῦσαν
847 914 1079 999 depravaretur
1110 913 1143 978 in
1175 913 1338 993 ὁρμοῦντες.

64 1037 213 1120 Apparet
243 1033 340 1120 igitur
371 1034 564 1102 Vaticanum
596 1034 673 1101 ferri
695 1035 840 1120 potuisse
871 1034 966 1101 modo
997 1032 1182 1099 retinuisset
1211 1035 1269 1097 ael
1302 1035 1339 1104 ὡς

62 1151 149 1221 εἶδον.
187 1154 348 1222 Vaticano
383 1162 492 1222 entem
527 1160 716 1241 tantopere,
752 1155 847 1221 modo
887 1154 937 1218 καὶ
977 1153 1153 1239 omittetur,
1192 1158 1340 1237 praestat

63 1272 308 1358 elegantissima
337 1273 485 1360 vulgatae
517 1278 697 1359 structura,
728 1279 764 1340 ut
795 1273 874 1358 quin
904 1293 1014 1340 veram
1044 1271 1164 1338 reserat
1192 1292 1339 1353 manum,

64 1392 119 1460 vix
152 1391 327 1476 quisquam
360 1392 493 1460 dubitet
541 1393 632 1471 Quod
668 1394 709 1460 ed
745 1392 966 1474 προσπλεούσας
1001 1392 1159 1477 pertinet,
1202 1390 1340 1457 fortasse

64 1513 330 1598 anteponendum
354 1519 403 1580 est
427 1512 576 1598 vulgatae
598 1513 815 1597 ἐπνπλεούσας,
840 1512 926 1596 quod
951 1510 990 1578 de
1014 1512 1117 1578 classe
1141 1512 1341 1597 aggredienti

64 1633 219 1718 usurpari
246 1633 337 1700 solet.
362 1632 459 1699 Valla
485 1654 557 1698 cum
586 1632 753 1717 periodum
781 1632 889 1717 plures
913 1632 947 1697 in
969 1639 1080 1716 partes
1104 1631 1247 1697 diviserit
1270 1652 1340 1697 ocr-

63 1751 164 1818 tiores
193 1772 254 1818 nos
278 1750 385 1819 iacere
408 1772 472 1819 non
495 1758 619 1838 potest:
654 1752 760 1837 „Ergo
784 1773 855 1818 oum
877 1751 1023 1819 omnibus
1047 1752 1182 1818 navibus
1206 1771 1339 1817 numero

64 1876 196 1938 centum
220 1890 260 1936 ec
283 1870 470 1950 duodecim,
496 1869 644 1956 Mycalen
664 1869 912 1956 proficiscuntur
931 1871 1031 1956 jussis
1061 1870 1193 1937 Milesiis
1227 1870 1342 1936 adesse

66 1988 215 2074 pedestri
247 1989 373 2056 itinere.
419 1990 458 2055 In
491 1989 615 2056 Glauca
650 1995 757 2056 antem
795 1989 936 2075 Mycales
971 1990 1144 2057 stationem
1176 1987 1343 2055 habebant

64 2108 151 2174 duae
182 2113 216 2174 et
247 2110 411 2195 octoginta
440 2130 538 2177 naves
571 2109 812 2176 Atheniensium
836 2130 854 2175 e
878 2108 974 2176 Samo
998 2109 1164 2194 profectae
1177 2160 1183 2172 .
1198 2159 1204 2173 .
1218 2159 1245 2173 ..
1282 2107 1343 2185 Qui

65 2247 169 2312 quum
204 2227 445 2312 prospexissent
479 2226 769 2313 Peloponnesiacae
803 2249 902 2296 naves
934 2251 973 2297 ex
1001 2229 1136 2296 adverso
1160 2229 1342 2306 venientes,

64 2350 273 2414 secesserunt
294 2347 329 2413 in
351 2345 510 2414 Ssmnm''.

115 2466 196 2533 lbid.
213 2466 304 2554 Vulg.
328 2467 417 2549 διέχει
440 2468 465 2532 δ’
486 2469 584 2546 aalys
606 2469 721 2553 ταύτῃ
748 2473 764 2547 ἦ
788 2470 890 2548 Σύριος
910 2479 963 2545 τῆς
979 2472 1110 2551 dissipem
1126 2469 1153 2534 Β
1170 2491 1340 2555 perperam

63 2585 177 2668 αύτν,
201 2586 289 2671 quod
312 2586 407 2653 Valla
432 2608 517 2672 „qua
539 2588 652 2672 parte”
676 2589 844 2674 expressit.

115 2707 191 2790 §A
224 2705 316 2792 Vulg.
352 2707 591 2788 οὶνεχύρνσαν,
625 2705 652 2770 Β
686 2706 770 2773 mals
801 2708 1055 2789 ἀπεχώρησαν,
1087 2707 1226 2774 abeundi
1256 2708 1341 2774 enim

62 2824 157 2892 notio
181 2845 247 2891 non
270 2823 418 2909 quadrat
442 2824 536 2892 Valla
559 2832 661 2893 recte:
693 2825 816 2905 „Quum
841 2832 948 2892 antem
973 2847 1008 2892 se
1030 2826 1063 2891 in
1089 2824 1219 2892 Samum
1244 2827 1341 2894 Athe-

64 2946 197 3012 nienses
221 2942 474 3011 subduxissent&

116 3044 198 3128 Ibid.
222 3061 316 3148 Vulg.
340 3064 675 3137 καταπλεύσαντες
700 3065 748 3130 ε’πὶ
772 3075 824 3140 τῆς
848 3065 1012 3152 Μυνύλνς,
1034 3072 1186 3132 accurate
1202 3066 1339 3143 dictum,

66 3187 107 3249 nt
130 3181 242 3248 Valla:
271 3180 334 3262 „ed
356 3181 504 3269 Mycalen
528 3183 631 3249 classe
655 3182 820 3268 appulsa’'.
856 3183 883 3249 B
907 3184 1160 3257 castrametari
1185 3195 1228 3252 Μ.

118 3302 194 3385 56.
230 3300 326 3386 Vulg.
365 3302 390 3367 oi
422 3302 445 3366 δ’
477 3299 621 3379 Ἀθηναῖοι
770 3305 910 3371 ἐπίπλουν
945 3307 1048 3371 αὐτοὶ
1083 3312 1229 3372 πονοῦντας

66 3418 241 3501 βουλόμενον
280 3420 609 3502 δοαναυμαχῆσανς
649 3435 671 3488 Β
712 3425 802 3489 αὐτὸ
837 3431 869 3491 et
911 3433 1177 3507 ναυμαχῆσαι,
1220 3430 1343 3490 utrum·

69 3560 136 3625 que
170 3538 387 3624 rejiciendum.
432 3540 516 3606 Illud
547 3540 630 3608 enim
662 3563 757 3609 sensu
788 3548 878 3609 caret
910 3550 942 3610 et
977 3544 1111 3628 simplex
1147 3553 1343 3624 ναυμαχῆσαι

69 3659 173 3726 multo
198 3657 304 3725 minus
327 3655 544 3743 significanter
567 3664 616 3726 est
639 3659 768 3726 dictum.
794 3660 890 3727 Vella
912 3641 1015 3727 recte:
1042 3662 1223 3743 „Adversus
1248 3684 1344 3747 quam

69 3777 257 3846 vicissim
288 3777 499 3845 Athenienses
637 3780 890 3867 contenderunt,
1018 3785 1186 3868 proposito
1213 3784 1344 3849 decer-

70 3896 217 3966 tanes&

120 4138 228 4224 crpus
259 4137 303 4205 80
333 4143 353 4223 ξ
380 4140 407 4204 1.
433 4137 524 4224 Vulg.
551 4136 665 4219 ἶύσπερ
690 4137 739 4204 καὶ
764 4137 929 4220 τὸπρῶτον
1019 4139 1214 4223 προσετάχθη.
1249 4139 1346 4206 Valle

74 4277 201 4343 qnoque
232 4264 335 4325 recte:
370 4258 477 4342 „qnod
503 4258 572 4344 jam
603 4258 678 4325 inde
710 4279 749 4324 ex
773 4257 991 4345 Peloponneso
1015 4265 1222 4346 praeceptum
1246 4259 1345 4327 erat”.

72 4377 100 4447 B
124 4375 221 4449 ύσπε.

1230 4500 1247 4553 Β
