3098 4988
763 323 801 403 ll

137 569 291 662 impedit,
323 578 514 662 praesertim
546 598 619 643 cum
641 576 806 644 Parisinus
830 577 949 658 codex,
982 577 1123 662 optimae
1146 581 1243 643 notae
1266 564 1363 654 liber,
1387 563 1414 643 si

139 675 256 763 saltem
278 697 391 782 Poppo
414 717 491 763 vera
515 702 644 777 narret,
667 696 766 762 etiam
789 695 961 763 servaverit
984 696 1070 761 εἵκοοο
1093 697 1142 762 aa>
1162 697 1277 763 ἑκοοόν.

185 813 291 902 Caput
318 816 356 881 l'l
382 813 406 905 ξ
430 816 461 883 3.
485 814 579 899 Vulg.
602 816 626 880 el
650 815 710 897 γὰρ
732 816 861 896 Κορίνθιον
868 864 877 894 ,
901 817 938 887 ὡς
960 812 990 880 el'
1008 840 1042 880 re
1061 815 1198 899 πρέσβεις
1218 818 1318 888 αὐτοῖς
1334 809 1412 900 ἧκον,

140 947 162 999 Β
187 935 336 1019 copulam
361 935 479 1001 omittit
502 939 535 1001 et
557 937 655 1007 οὐτοῖς
677 939 752 1019 post
773 937 809 1007 ὡς
833 935 941 1001 tradit
989 934 1101 1001 Valla:
1132 933 1234 1014 „Nam
1257 932 1413 1000 Corinthii

140 1059 357 1139 posteaquam
388 1056 430 1124 ad
461 1076 516 1123 eos
549 1059 705 1122 venerunt
726 1054 856 1140 legati',
880 1075 952 1122 cum
976 1055 1134 1140 Vaticano
1153 1055 1227 1141 jure
1251 1053 1416 1120 desiderat

141 1200 192 1259 τε,
226 1175 313 1259 quod
343 1197 407 1242 non
438 1174 536 1241 habet
566 1194 631 1258 quo
655 1177 785 1259 spectet.
832 1173 986 1239 Ordinem
1007 1172 1176 1241 verborum
1200 1173 1231 1240 si·
1250 1172 1413 1239 examina-

138 1293 239 1374 veris,
263 1314 336 1359 eum
359 1315 487 1379 quoque
511 1315 583 1360 cum
605 1306 627 1358 Β
651 1295 750 1366 αὐτοῖς
774 1313 832 1359 suo
855 1291 926 1359 loco
949 1292 1067 1379 legisse
1089 1292 1156 1360 fere
1179 1291 1308 1360 dixeris.

184 1411 265 1478 Ibid.
290 1411 383 1500 Vulg,
404 1415 636 1484 οξοοοοτελοῦντος
659 1412 785 1486 ὁπλίτας
809 1413 844 1476 ἕν
876 1422 919 1496 τῇ
951 1391 1119 1494 Σοκελίρ.
1160 1413 1240 1484 ata
1271 1412 1333 1486 τὴν
1357 1420 1412 1477 Σο·

139 1532 286 1609 asaiae,
320 1531 432 1599 Vallae
463 1531 529 1609 ,ad
551 1531 724 1600 mittendas
748 1531 883 1598 eodem
907 1536 1104 1599 armatorum
1135 1529 1276 1615 copias'’.
1315 1530 1414 1596 Recte
1523 1567 1528 1575 -

140 1670 213 1715 cum
243 1662 266 1714 Β
299 1649 377 1735 legit
400 1651 428 1722 ἐς
452 1651 504 1724 τὴν
528 1659 580 1729 Σ.,
608 1654 644 1715 ut
671 1656 809 1735 apparet
830 1671 870 1717 ex
893 1650 1046 1738 adverbio
1075 1646 1224 1730 „eodem”
1249 1669 1312 1733 quo
1336 1669 1414 1714 usus

139 1774 208 1845 est,
234 1787 274 1833 ne
297 1786 414 1833 nomen
436 1767 620 1852 proprium,
643 1767 742 1853 paulo
766 1789 866 1853 supra
884 1769 952 1855 jam
975 1773 1182 1855 usurpatum,
1206 1767 1389 1837 iteraretur.

183 2008 289 2093 Caput
312 2009 353 2072 18
376 2005 401 2097 ξ
421 2009 451 2076 1.
469 2007 562 2094 Vulg·
586 2009 634 2087 itit
657 2009 798 2074 οὶνοένοοο
823 2009 872 2075 τὸν
896 2008 1033 2089 πόλεμον.
1057 2007 1151 2075 Valla
1166 2008 1240 2094 jure
1256 2028 1329 2074 cum
1344 2008 1411 2075 vul·

138 2132 217 2212 gata
238 2127 333 2211 juxta
355 2125 492 2208 τειχίζειν
514 2147 670 2211 praesens
685 2128 793 2194 οὶννένον
809 2126 960 2195 exhibere
973 2127 1115 2195 videtur:
1141 2126 1329 2209 „Alcibiade
1343 2178 1350 2194 .
1363 2177 1370 2193 .
1384 2174 1413 2193 ..

141 2246 335 2313 admonente
359 2245 529 2331 Deceleam
552 2269 643 2314 muro
667 2247 897 2332 obsepiendum
921 2268 1008 2332 esse,
1037 2267 1098 2314 nec
1121 2245 1240 2314 bellum
1263 2247 1412 2314 emitten-

141 2366 248 2434 dum''.
283 2369 449 2435 Balesium.

183 2483 207 2575 ξ
231 2488 261 2552 2.
284 2499 306 2552 Β
330 2484 373 2552 ὅτι
396 2489 424 2552 τ’
447 2488 476 2559 ἐς
499 2484 658 2552 Πλάτοοοοον
682 2482 764 2562 ἦλθον
787 2487 924 2566 Θηβαῖον.
949 2486 1045 2554 Valla
1060 2485 1278 2570 cum'vulgata
1293 2483 1414 2552 omittit

138 2604 351 2689 particulam,
376 2625 460 2689 quae
483 2604 580 2691 plane
603 2605 756 2673 abundat.

103 2799 106 2805 ι
184 2721 370 2808 Ibidvulg.
394 2722 486 2795 εἴτις
511 2722 591 2800 ἄλλο
616 2727 713 2798 αὐτοῖς
737 2723 861 2803 γένοιτο,
886 2736 907 2789 Β
935 2722 1107 2802 aestuoso.
1144 2722 1289 2805 Utraque
1312 2719 1408 2788 lectio

137 2841 235 2907 lalsa.
268 2840 513 2917 Restituendum
536 2843 663 2909 videtur
685 2864 757 2910 cum
780 2843 995 2911 Herwerdeno
1018 2840 1187 2922 ἐγεγένητο.

181 2956 207 3048 ξ
231 2960 260 3026 3.
287 2958 380 3045 Vulg.
412 2959 510 3035 ἐπειδὴ
535 2960 560 3024 δ’
583 2955 772 3037 οἷ”Λθρνονῒοο
788 2969 869 3035 ’τοοῖς
892 2962 1046 3042 τριάκοντα
1070 2961 1169 3026 eccela
1191 2958 1365 3044 ὁρμώμενοι,
1389 2971 1411 3024 Β

137 3079 224 3147 solus
258 3084 346 3162 recte
381 3085 457 3163 post
491 3081 590 3154 νοουοὶν
621 3080 734 3148 inserit
763 3079 796 3157 ἐξ
822 3082 960 3163 Ἄρρους.
1006 3081 1118 3149 Valla:
1153 3085 1208 3162 „at
1238 3084 1409 3165 postquam

135 3196 348 3263 Athenienses
387 3217 432 3263 ex
470 3219 565 3282 agro
603 3198 771 3284 prolecti‘’.
818 3199 900 3268 Ecce
942 3199 1089 3286 pulcrum
1125 3197 1304 3283 exemplum
1339 3218 1411 3263 cum

137 3316 251 3383 Vallae
279 3316 354 3383 libri
385 3319 603 3401 praestantiae
630 3325 699 3387 tum
729 3321 913 3407 interpretis
935 3321 1037 3407 ipsius
1060 3320 1207 3401 inscitiae
1230 3318 1279 3385 vel
1302 3318 1409 3403 potius

137 3436 362 3521 negligentiae.
408 3435 549 3504 Dubium
581 3439 666 3505 enim
696 3461 762 3506 non
792 3445 843 3507 cst
873 3441 951 3526 quin
973 3440 1016 3527 ἐξ
1037 3439 1165 3527 Ἄρρους
1191 3437 1300 3524 legens
1324 3457 1410 3504 men·

137 3555 215 3622 dese
240 3555 371 3623 verterit
393 3554 426 3632 ἐξ
450 3556 560 3636 apae!

182 3673 263 3741 Ibid.
288 3674 382 3760 Vulg.
414 3675 587 3757 Ἐπιδαύρου
617 3701 664 3757 m
698 3677 746 3744 sic
776 3654 904 3762 quoque
935 3676 1038 3746 Valla.
1073 3674 1249 3743 Vaticanus
1281 3679 1410 3759 praeter

135 3795 363 3862 necessitatem
386 3796 419 3861 τέ
441 3821 480 3861 ον.
505 3795 546 3862 cf.
571 3817 598 3862 c.
628 3797 667 3860 11
692 3801 712 3879 ξ
736 3798 766 3862 2.
1195 3803 1198 3808 ’

184 3913 265 3980 Ibid.
291 3913 383 4000 Vulg.
408 3915 604 3999 ἕλροοεύοντο.
640 3928 662 3980 Β
686 3917 838 4000 ἐλῄστευον
862 3915 1089 4001 exscriptoris
1113 3936 1173 3982 usu
1196 3914 1327 3980 dictum.
1429 3940 1431 3954 ²

182 4156 290 4241 Caput
322 4159 372 4224 19.
402 4156 496 4244 Vulg·
526 4159 637 4239 ἀντέχει
668 4159 692 4223 δ’
717 4161 734 4235 ἡ
767 4161 910 4224 Aenidae
941 4156 1074 4229 erelieva
1106 4155 1243 4233 μάλιστα
1273 4159 1326 4227 τῆς
1353 4157 1408 4216 τῶν

134 4276 292 4353 'Aeneades
316 4277 427 4368 πόλεως
452 4274 537 4343 εἴκοσι
553 4278 603 4344 ael
619 4277 739 4364 ἓκοοτὸν,
765 4279 1026 4360 reparatiores
1048 4276 1075 4341 δ’
1097 4278 1134 4342 οὐ
1157 4273 1276 4353 πολλῷ
1298 4269 1409 4336 πλέον

133 4395 197 4466 καὶ
230 4394 289 4464 ἐπὶ
321 4403 385 4471 τῆς
416 4391 601 4470 ΒοοόνοΙονρ.
636 4407 659 4463 Β
786 4398 1048 4480 expectatio-eea
1078 4398 1112 4463 δὲ
1143 4395 1204 4464 aei
1230 4399 1267 4462 οὐ
1291 4401 1408 4484 πολλῷ

1243 4517 1307 4573 Β*

162 4595 172 4634 ο
