3098 4988
699 338 744 404 45

86 575 195 664 quod,
218 580 255 643 ut
278 573 421 642 Stahlius
445 573 687 651 animadvertit,
707 575 780 660 jure
803 575 910 641 omisit
933 575 1100 642 molestum
1124 575 1172 639 καί
1198 572 1239 640 ab
1256 572 1357 639 edito-

82 696 175 762 ribus
198 693 347 762 omnibus
370 691 464 761 obelo
489 697 644 760 notatum.

127 812 153 904 ξ
177 815 206 878 3.
238 811 332 898 Vulg.
363 812 396 875 τί
427 812 456 877 δὲ
487 810 660 892 πραξάντων
691 815 723 877 ἐκ
752 819 803 879 τοῦ
830 812 937 884 εἰκότος
959 810 978 877 ἃ
1004 812 1172 890 βουλόμεθα
1194 809 1296 876 τούσδε
1322 835 1354 874 τε

83 933 259 1006 κολασθῆναι
286 931 336 995 καί
360 939 397 1014 τῇ
421 931 504 1014 ποίσρ
531 931 653 1011 Σικελία
675 932 860 1014 καρπονμίνρ
884 931 933 996 καί
958 930 1022 1010 πρίν
1047 931 1208 1011 ἐλευθερίαν
1231 929 1354 1006 βεβαιο-

87 1050 173 1131 τέραν
196 1050 385 1131 παραδοῦναι.
409 1050 448 1116 In
470 1049 552 1116 libro
576 1050 603 1115 B
626 1049 784 1117 invenitur
803 1051 841 1115 τί
861 1051 894 1115 δὲ
913 1049 1121 1126 πραξάντων
1142 1051 1234 1125 ἡμῶν
1252 1048 1356 1133 quod,

85 1169 145 1237 etsi
175 1168 313 1254 quisque
344 1187 384 1234 ex
412 1167 699 1252 interpretamento
730 1173 843 1235 natum
874 1189 945 1235 esse
975 1167 1147 1245 concedat,
1183 1166 1355 1234 Classenus

84 1293 216 1375 praeter
248 1285 471 1353 necessitatem
500 1285 630 1369 recepit.
676 1284 720 1348 Τί
753 1283 783 1348 δὲ
813 1283 985 1364 πραξάντων
1016 1285 1100 1352 enim
1123 1286 1293 1370 quominus
1317 1285 1356 1352 de

85 1404 335 1475 Atheniensibus
369 1402 584 1489 accipiamus,
620 1402 750 1469 obstant
784 1403 954 1487 sequentia
984 1404 1085 1470 τούσδε
1116 1429 1149 1469 τε
1179 1408 1353 1480 κολασθῆναι

84 1527 134 1612 καί
159 1533 197 1600 τῦ
219 1523 301 1607 ποίσρ
325 1524 447 1604 Σικελία
573 1522 733 1603 ἐλευθερίων
748 1522 944 1602 βεβαιοτέραν
959 1523 1146 1601 παραδοῦναι.
1182 1523 1357 1590 Praeterea

88 1645 117 1712 si
141 1645 181 1711 de
205 1641 453 1710 Atheniensibus
476 1640 549 1725 quis
571 1640 714 1726 intellegi
731 1662 825 1727 posse
841 1646 933 1727 putet
948 1641 981 1706 τί
997 1642 1026 1707 δὲ
1043 1641 1225 1723 πραξθντωι,
1240 1663 1355 1708 moneo

85 1784 145 1849 pro
177 1761 211 1826 rb
242 1761 270 1826 δὲ
302 1781 382 1845 opus
412 1758 512 1826 luisse
544 1755 696 1825 adverbio
727 1758 823 1844 quale
850 1763 899 1825 est
922 1765 1017 1832 κακῶς
1042 1765 1074 1826 et
1097 1782 1156 1845 pro
1180 1760 1356 1827 relativorl

84 1879 308 1966 conjunctione
330 1881 376 1951 ως.
400 1877 497 1945 Valla
519 1875 612 1944 nobis
635 1875 716 1942 nihil
731 1875 924 1962 opitulatur:
944 1874 997 1957 „si
1014 1897 1088 1943 vero
1104 1875 1139 1943 id
1154 1876 1355 1944 fecerimus’'.

129 1997 211 2064 Ibid.
235 1996 326 2082 Vulg.
350 1995 374 2062 sl
397 1995 434 2061 θον
557 1999 728 2078 ὠφελοῦσιν,
754 2007 775 2060 Β
799 1998 948 2077 ὠφελῶσιν

89 2342 317 2440 desideratis,
342 2352 428 2436 quod
452 2352 631 2420 sententiae
655 2352 717 2417 vim
740 2351 911 2437 infringere
935 2351 1066 2418 videtur.
1097 2353 1224 2419 Dixeris
1241 2355 1307 2420 fere
1323 2363 1356 2420 et

86 2473 216 2540 Vallam
239 2472 384 2539 omisisse
406 2469 613 2538 vccabulum:
642 2471 746 2555 „quod
770 2475 915 2537 cerneret
938 2472 1033 2554 quale
1056 2472 1232 2555 periculum
1252 2478 1353 2560 esset,

87 2615 249 2680 quamque
271 2590 438 2660 uicinum'’.

127 2712 207 2804 §3.
240 2711 333 2797 Vulg.
365 2711 414 2776 καί
439 2712 453 2775 θ
475 2712 530 2788 μὲν
560 2714 617 2791 οὐχ
641 2710 729 2774 ἱκανοὶ
751 2717 868 2787 μᾶλλον
893 2710 951 2774 καί
972 2710 1128 2787 ἀναγκαῖα
1144 2713 1264 2787 νομίσας
1297 2737 1353 2775 ποο-

81 2833 225 2916 ρρνῆοθαι.
272 2831 299 2896 Β
334 2830 427 2896 unice
462 2850 567 2895 veram
603 2828 772 2895 lectionem
803 2828 932 2895 exhibet
962 2829 1011 2893 καί
1047 2830 1061 2892 θ
1091 2830 1145 2905 μὲν
1177 2833 1236 2913 οὐχ
1265 2831 1353 2895 trava

81 2954 200 3030 μᾶλλον
231 2955 248 3027 ἢ
279 2951 435 3027 οίνανκαῖα
467 2951 587 3026 νομίσας
613 2950 809 3030 παρρνῦσθαι,
832 2948 918 3032 quod
942 2948 1037 3014 etiam
1063 2948 1221 3032 expressit
1244 2949 1353 3016 Valla:

87 3091 174 3152 „nou
196 3074 263 3136 tam
288 3067 480 3135 sufficientia
503 3088 601 3151 qnam
624 3067 806 3132 necessaria
831 3085 866 3132 sc
888 3066 1054 3150 loquutum
1077 3064 1196 3133 ratus.’'

127 3194 148 3272 ξ
178 3189 210 3254 4.
246 3187 335 3254 Libri
369 3207 539 3271 perperam
575 3185 741 3270 appellant
774 3184 905 3251 tertium
939 3184 1052 3251 ducem
1084 3185 1232 3264 Εθδνμος;
1260 3184 1352 3252 Vati·

81 3328 183 3374 canus
207 3306 293 3373 solus
317 3311 424 3372 sutem
447 3309 534 3370 recte
556 3304 655 3371 habet
678 3305 861 3386 Εὐθύδημος,
884 3303 970 3387 quod
993 3309 1102 3370 tuetur
1125 3302 1226 3369 Valla.

127 3425 210 3491 Ibid.
226 3423 316 3509 Vulg.
341 3424 524 3499 Δημοσθένης
548 3425 597 3488 καί
621 3423 781 3505 Μένανδρος
805 3423 854 3488 καί
877 3423 1042 3500 Εὐθύδημος
1061 3473 1069 3490 .
1085 3474 1091 3488 .
1107 3473 1113 3488 .
1129 3473 1136 3489 .
1153 3421 1275 3504 σ’ίραντες
1291 3424 1351 3488 οίπθ

80 3549 132 3608 τοῦ
156 3544 265 3608 ἑαυτῶν
287 3542 483 3622 στρατοπέδου
508 3543 588 3615 εὐθὺς
612 3544 716 3608 ἔπλεον
739 3542 807 3623 πρὸς
831 3542 864 3606 τὸ
886 3541 1006 3622 ζεῦγμα
1029 3549 1079 3606 τοῦ
1103 3542 1217 3619 λιμένος
1237 3542 1351 3607 καὶτὸν

79 3663 322 3742 παραλειφθέντα
353 3661 502 3726 διέκπλοον
532 3662 701 3739 βουλόμενοι
739 3662 902 3740 βιοίσασθαι
934 3663 962 3734 ἐς
994 3662 1027 3726 τὸ
1058 3660 1122 3738 ἔξω.
1161 3662 1188 3727 Β
1220 3668 1350 3746 praeter

78 3781 323 3865 καταλειφθέντα
354 3781 433 3865 legit
456 3779 552 3847 etiam
576 3783 828 3862 παραλειφθέντα.
876 3779 961 3847 Satis
984 3781 1153 3847 intricatus
1178 3790 1226 3847 est
1248 3781 1348 3847 locus.

79 3901 164 3967 Olim
192 3901 261 3986 jam
291 3899 403 3984 Poppo
435 3900 594 3967 dubitavit
625 3902 664 3967 dc
696 3902 880 3967 sinceritate
912 3900 1080 3966 verborum
1108 3900 1157 3963 καί
1183 3902 1231 3964 τὸν
1253 3924 1348 3964 κατα-

79 4019 241 4102 λειφθέντα
272 4018 432 4104 διθιιπλοοι,
460 4039 543 4103 quae
567 4021 705 4106 speciem
729 4021 1008 4105 interpretamenti
1032 4020 1073 4085 ad
1096 4041 1205 4085 vocem
1228 4019 1348 4099 ζεῦγμα

81 4145 169 4206 certo
193 4136 311 4205 certius
334 4139 501 4223 praebent.
537 4139 768 4206 Herwerdenns
792 4139 942 4206 dehisce
966 4139 1079 4205 eodem
1100 4137 1195 4204 modo
1211 4139 1347 4225 cogitat,

80 4263 156 4333 aut,
180 4256 209 4321 si
232 4256 303 4339 quis
326 4255 423 4322 rerba
446 4279 466 4322 a
489 4257 642 4342 Poppcne
666 4257 819 4323 damnata
838 4256 1006 4322 retinenda
1021 4277 1093 4321 esse
1109 4260 1216 4339 putet,
1233 4255 1346 4322 saltem

81 4376 132 4440 καί
157 4374 284 4440 uncinis
308 4373 471 4442 includere
493 4375 576 4442 velit.
614 4376 656 4440 Et
678 4374 739 4441 hcc
762 4381 795 4442 et
815 4375 895 4442 illud
919 4375 1047 4442 arridet.
1081 4375 1216 4442 Textum
1239 4384 1347 4443 autem
