3098 4988
743 303 806 368 123

182 540 292 624 caput
324 539 387 606 106
418 535 443 627 ,Β
474 540 502 605 1.
533 537 624 624 Vulg.
654 536 774 615 Πέδιον,
805 544 842 605 ut
875 538 985 606 Valla:
1021 539 1206 626 „Pydium”.
1238 541 1322 610 Bet
1345 541 1412 610 allii

134 659 285 727 nonnulli
306 657 381 725 libri
403 657 529 724 Μιίδιον.
567 656 680 723 Lectio
703 677 768 723 nou
791 661 928 724 constat

184 779 261 862 §Z
292 775 386 860 Vulg.
416 776 593 857 Φοβούμενοι
622 777 683 857 aar
709 773 781 848 νέοις
804 776 837 841 τὸ
860 781 917 840 τῶν
939 776 1171 851 Πελοποννησίων
1196 778 1342 845 νοινσιιοὸνι
1369 779 1412 847 ad

134 920 212 965 oum
254 917 357 981 usquc
387 895 472 962 diem
503 894 809 980 Peloponuesiorum
840 894 979 962 classem
1008 895 1259 964 reformidarunt
1265 923 1275 976 ς
1315 899 1411 983 signi-

132 1015 273 1082 ficanter
295 1013 425 1081 additur
446 1014 536 1089 νέοιο,
571 1013 659 1098 quod
689 1012 807 1079 omittit
829 1012 857 1077 B
879 1013 1058 1095 φοβούμενοί
1080 1039 1114 1080 τε
1136 1037 1214 1097 νοιρ,
1237 1016 1272 1082 in
1294 1015 1412 1101 quibus

134 1159 174 1200 τε
196 1153 361 1219 nusquam.
387 1132 529 1217 respicit.
576 1131 670 1198 Valla
700 1135 808 1198 autom
831 1132 910 1199 vidit
931 1131 1020 1208 τέων,
1049 1132 1125 1200 licet
1147 1131 1231 1201 falso
1254 1134 1412 1220 interpre-

132 1260 229 1322 tatus
252 1254 309 1321 sit:
348 1253 488 1337 „quippe
510 1252 753 1319 extimescentes
775 1257 852 1318 tune
875 1252 1180 1338 Peloponnesiorum
1203 1254 1371 1323 classem''.

187 1379 207 1458 ξ
232 1375 262 1439 3.
292 1372 417 1458 Injuria
447 1373 481 1437 in
512 1370 540 1436 B
564 1371 658 1438 abest
690 1370 739 1435 κιιὶ
763 1372 898 1443 Βοιωτίας
923 1370 989 1449 δύο,
1013 1372 1101 1457 quod
1123 1374 1280 1458 expressit
1302 1374 1412 1443 Valla:

136 1492 444 1573 „Ambraciotorum
467 1498 500 1559 et
521 1490 716 1558 Boeotorum
740 1489 866 1557 binas'’.

185 1610 268 1679 Ibid.
292 1611 384 1696 Vulg.
408 1611 615 1694 natanaelem
638 1609 666 1674 Β
689 1615 776 1676 recte
799 1611 969 1684 Πελληνέων
987 1631 1007 1676 a
1022 1610 1218 1679 nominativo
1234 1612 1414 1688 Πελληνεύς.

136 1731 253 1799 Valla:
282 1728 570 1815 „Pellenensium’'‚
595 1728 683 1813 quod
705 1729 758 1794 vix
781 1728 921 1795 concinit
943 1729 1101 1813 vulgatae.

187 1848 265 1939 §4
298 1848 391 1933 Vulg.
425 1855 458 1914 et
488 1847 516 1912 B
548 1849 644 1927 τριήρη
671 1845 813 1925 ἄγγελον.
859 1845 948 1914 Libri
971 1847 1051 1932 Aug.
1074 1849 1164 1916 Gaas,
1189 1849 1256 1917 Pal.
1280 1849 1355 1936 Bag.
1377 1850 1414 1916 Τ.

137 1971 245 2052 τριήρει
268 1967 420 2047 ἄγγελον,
452 1966 539 2050 quod
562 1965 656 2032 Valla
680 1966 775 2032 vidit:
813 1965 979 2048 „nuntium
1002 1966 1154 2034 victoriae
1176 1967 1298 2035 triremi
1320 1969 1415 2036 mise-

137 2085 248 2155 runt’'.
280 2086 391 2154 Lectio
414 2106 478 2153 non
501 2084 599 2171 plane
622 2089 759 2152 constat.

186 2326 295 2411 eaput
319 2324 392 2390 107.
415 2322 508 2408 Vulg.
531 2322 702 2405 ἀφικόμενοι
726 2321 755 2385 δὲ
778 2321 828 2387 sal
853 2320 901 2385 ἐπὶ
925 2325 977 2397 τὴν
1001 2321 1122 2404 Κύζικον
1139 2324 1310 2404 ἀτείχιστον
1326 2322 1414 2391 οὖσαν

138 2444 366 2525 προσηγάγοντο
401 2442 501 2509 τοέλιν.
547 2440 573 2505 Β
605 2440 743 2508 alterum
776 2439 845 2517 acl,
882 2459 977 2508 sensu
1011 2461 1163 2522 vacuum,
1198 2442 1312 2509 inserit
1342 2449 1416 2528 post

138 2562 280 2645 Κύζικον,
313 2561 400 2646 quod
423 2561 509 2646 apud
532 2559 659 2626 Vallem
681 2580 747 2625 non
770 2563 896 2626 exstat:
930 2564 982 2640 „ot
1005 2559 1122 2645 perlati
1144 2559 1293 2646 Cynicum
1317 2563 1416 2630 muris

136 2686 325 2765 carentem,
349 2680 466 2746 iterum
489 2677 708 2764 receperunt&

187 2921 296 3004 Caput
322 2917 383 2984 108
408 2917 432 3009 ξ
457 2919 487 2986 1.
512 2917 606 3002 Vulg.
629 2918 880 2996 Πελοποννησίοις;
903 2917 931 2982 Β
955 2916 1127 2984 articulum
1153 2917 1254 2986 addit.

187 3038 212 3129 ξ
237 3040 266 3104 2.
295 3037 389 3123 Vulg.
421 3043 522 3103 τοῦτον
544 3037 581 3102 δέ
606 3035 722 3115 οιροέξοις
745 3034 794 3101 aul
818 3033 999 3117 ἄρχοντος
1024 3039 1052 3101 ἕν
1075 3047 1113 3118 σῇ
1135 3039 1183 3118 Κῷ
1205 3038 1413 3112 καταστήσας.

141 3159 171 3224 Β
193 3158 314 3245 injuria
343 3156 460 3223 omittit
484 3155 531 3242 δέ,
565 3176 624 3239 pro
648 3153 798 3236 ἄρχοντος
826 3160 934 3222 autem
957 3155 1036 3241 legit
1058 3154 1208 3241 ἄρχοιτο,
1231 3155 1318 3240 quod
1340 3176 1414 3240 pro-

140 3278 224 3344 bant
247 3276 406 3356 editores,
431 3296 529 3359 quum
552 3275 586 3340 in
610 3280 677 3340 tam
700 3274 835 3360 parvula
856 3274 963 3341 insula
986 3273 1096 3359 plures
1119 3275 1327 3360 magistratus
1343 3295 1414 3342 esse

141 3397 308 3464 institutos
332 3400 457 3481 negent.
487 3392 745 3477 Uniusouiusque
767 3398 875 3459 autem
897 3398 947 3460 est
968 3393 1034 3461 tale
1057 3394 1136 3477 quid
1161 3393 1415 3462 animadvertere

141 3520 176 3582 et
200 3515 329 3593 eadem,
353 3515 387 3579 ni
401 3513 514 3592 fallor,
539 3513 744 3580 ratiocinatio
760 3512 966 3579 correctionis
982 3532 1082 3579 causa
1097 3512 1168 3578 fuit.
1193 3511 1415 3580 Concedamus

142 3635 240 3720 igitur
268 3639 319 3700 est
347 3652 477 3700 neeesse
510 3631 618 3717 potius
648 3631 809 3716 pluralem
839 3652 1008 3699 numerum
1037 3631 1127 3699 abire
1157 3633 1193 3698 in
1220 3632 1414 3719 singularem

143 3753 287 3837 potuisse
310 3773 409 3836 quam
431 3750 576 3820 invicem.
623 3748 733 3816 Valla:
764 3748 1090 3834 „magistratibusque
1112 3750 1179 3817 illic
1202 3750 1414 3818 constitutis''.

187 3870 212 3962 ξ
234 3872 268 3936 4.
292 3870 386 3956 Vulg.
409 3868 641 3952 Ἀτροιοιύττιον,
666 3881 688 3934 Β
712 3867 932 3947 'streperem
976 3868 1085 3936 Valla:
1114 3867 1377 3955 „Atramyttum’'.

187 3990 269 4058 Ibid.
294 3989 386 4075 Vulg.
409 3991 475 4061 τοὺς
499 3991 620 4067 ἑοιντοῦ;
644 4000 666 4053 Β
690 3992 740 4052 τοῦ
764 3987 886 4065 terror,
912 4007 1092 4072 perperam.
1124 3987 1235 4055 Valla:
1262 3989 1413 4069 „circum-

143 4110 222 4177 data
244 4131 375 4177 suorum
397 4106 526 4176 manu'’.

188 4345 296 4432 Caput
319 4347 394 4413 109.
419 4345 511 4431 Vulg.
535 4345 564 4408 ἕν
586 4353 624 4428 τῇ
647 4344 782 4424 Μιλήτῳ.
828 4341 856 4406 Β
881 4341 1050 4410 articulum
1075 4345 1202 4412 omittit.
