3098 4988
730 302 794 369 112

176 547 200 639 ξ
233 549 263 614 3.
296 548 389 632 Vulg.
422 545 453 622 ἦν
485 547 514 612 δὲ
545 553 629 613 τοῦτο
659 548 713 624 μὲν
740 546 780 612 τὸ
803 555 913 627 πχῆρια
938 547 1083 612 πολιτικὸν
1106 553 1156 613 τοῦ
1181 545 1271 626 adron
1295 550 1398 618 adroic

133 667 271 752 Dempto
287 688 359 733 oum
374 667 401 732 B
418 666 553 733 articulo
570 665 619 745 τί,
636 666 749 732 horum
766 665 934 764 vorborum
951 666 1155 751 cognoscitur
1170 665 1410 751 significantia,

134 808 231 871 quam
263 787 359 853 Valla
393 788 588 872 expressisse
621 786 746 854 videtur
773 760 1050 871 ,praetendebant
1073 791 1182 852 autem
1206 785 1405 852 mentionem

133 906 358 992 reipublicae'',
380 906 526 991 neglecto
549 907 674 972 incuria
696 904 944 972 demonstrativo
968 910 1062 972 ταῦτα.

179 1210 285 1294 Caput
307 1209 351 1274 90
374 1204 398 1296 ξ
424 1208 451 1270 1.
483 1205 622 1286 Φρύνιχός
654 1231 687 1271 τε
695 1257 704 1286 ,
735 1204 764 1276 ὃς
795 1206 845 1270 καί
869 1181 1080 1287 στραταχλίσας
1103 1208 1132 1271 ἕν
1154 1216 1191 1288 τῇ
1216 1205 1312 1286 Σνίμῳ
1335 1209 1409 1271 ποτὲ

136 1328 313 1412 Ἀλκιβιαίδρ
343 1329 410 1394 τότε
441 1327 582 1407 διηνέχθη.
629 1325 665 1392 Β.
695 1324 778 1392 falso
810 1327 831 1390 ὃ.
867 1325 979 1392 Valla:
1006 1325 1242 1411 ,‚Phryniohu8‚
1266 1325 1323 1410 qui
1348 1324 1410 1391 ali·

136 1450 265 1535 quando
289 1450 364 1515 dum
381 1448 467 1532 apud
484 1445 614 1512 Samum
631 1446 695 1511 dux
711 1450 814 1524 esset,
831 1444 871 1511 ab
889 1443 1055 1511 Alcibiade
1071 1441 1252 1511 dissensit.''
1277 1443 1408 1510 Vallem

136 1570 280 1655 spurium
303 1569 373 1634 ποτὲ
397 1567 559 1633 omississe
582 1566 676 1633 docet
700 1564 853 1632 Stahlius.

181 1688 261 1754 lbid.
277 1688 371 1772 Vulg.
395 1689 446 1761 rto
461 1687 679 1766 ὀλιγαρχίαν
696 1687 916 1764 προυθυμοῦντο.
940 1684 1044 1752 Locus
1061 1683 1288 1752 memorabilis.
1312 1682 1409 1749 Solus

136 1808 164 1874 B
194 1808 294 1874 refert
324 1807 498 1887 ὁμολογίαν,
531 1806 617 1889 quod
649 1807 768 1891 optime
798 1805 945 1871 convenit
972 1805 1162 1870 sententiae.
1209 1802 1327 1869 Omnes
1352 1802 1414 1868 alii

139 1928 202 1995 ibri
232 1929 341 2014 legunt
372 1928 567 2012 ὀλιχαρχίαν,
594 1925 679 2010 quod
703 1933 736 1992 ot
760 1925 853 1992 Valla
876 1925 1053 2010 expressit:
1085 1924 1204 2006 „statui
1227 1943 1410 2007 paucorum

137 2048 328 2133 propensius
350 2044 537 2113 vacabant.'’
584 2046 785 2130 Quamquam
808 2047 940 2131 vulgata
962 2066 1028 2111 non
1051 2044 1093 2112 ab
1117 2043 1204 2111 omni
1226 2047 1320 2128 parte
1345 2042 1411 2109 dis·

138 2154 254 2253 plicet:
280 2166 473 2251 oligerchiao
497 2166 674 2233 servandae
697 2167 868 2232 maximam
893 2165 1016 2232 dabant
1040 2185 1182 2249 operem.

183 2290 263 2356 Ibid.
300 2288 393 2371 Vulg.
428 2289 528 2367 πολλῷ
558 2312 592 2352 τε
623 2290 739 2361 μᾶλλον
771 2285 831 2369 ἔτι,
864 2285 982 2358 ἐπειδὴ
1012 2286 1070 2349 καί
1101 2286 1126 2350 oi
1156 2287 1189 2350 ἐκ
1218 2294 1271 2364 τῆς
1305 2282 1414 2358 Σάμου

139 2411 275 2491 πρέσβεις
299 2414 381 2488 σφῶν
405 2403 497 2482 ἦλθαν.
532 2407 559 2472 Β
582 2427 751 2492 perperam
774 2405 832 2471 καί
857 2404 976 2480 ἐπειδὴ
1000 2407 1069 2470 καί.
1097 2402 1191 2469 Valla
1213 2402 1290 2485 „sed
1306 2401 1413 2469 multo

139 2530 236 2596 etiam
260 2549 356 2612 quam
380 2532 477 2593 antea
500 2525 602 2610 magis
626 2531 701 2609 post
723 2524 861 2590 reditum
885 2544 1016 2589 suorum
1039 2544 1057 2588 e
1081 2521 1178 2589 Samo
1199 2518 1415 2606 legatorum'‘.

184 2646 263 2738 ξ3.
296 2645 387 2732 Vulg.
418 2649 475 2726 οὐχ
498 2642 543 2710 ἵνα
567 2646 632 2717 τοὺς
657 2648 689 2709 ἕν
712 2645 821 2725 Σαίριῳ
945 2645 987 2718 μὴ
1010 2641 1161 2722 δέξωνται,
1185 2653 1206 2706 Β
1231 2641 1268 2704 ἐκ
1293 2639 1417 2720 Σαίραῳ,

141 2765 376 2833 Herwerdenus
411 2764 547 2848 conjecit
585 2784 624 2829 ox
659 2762 853 2848 Thucydidis
889 2783 949 2827 usu
988 2761 1182 2846 scripturam
1219 2761 1252 2824 ἐκ
1286 2756 1414 2834 Σαίρανν,

142 2906 238 2969 quam
262 2882 363 2949 refert
386 2882 496 2949 Valla:
525 2902 608 2964 „non
631 2887 667 2946 ut
696 2882 768 2948 illos
793 2902 810 2947 e
835 2880 930 2947 Samo
1048 2901 1112 2947 non
1135 2874 1348 2963 reciperent”.

187 3002 211 3093 ξ
233 3005 263 3068 4.
287 3000 380 3085 Vulg.
405 3000 565 3078 ἐπίπλους,
589 3000 616 3064 Β
640 3001 759 3067 rectius
784 2999 919 3071 ἔσπλουν.
955 2999 1066 3067 Valla:
1094 2995 1299 3079 „introitus”.

187 3120 211 3212 g
235 3121 265 3187 5.
289 3122 316 3186 B
339 3141 509 3204 perperam
532 3121 568 3184 νίν
593 3120 673 3186 αὐταί
697 3141 756 3205 pro
780 3123 872 3187 αὐταί.
909 3118 1005 3185 Valla
1027 3116 1160 3184 liberius
1183 3116 1285 3182 vertit.

192 3240 272 3307 lbid.
301 3240 391 3324 Vulg.
415 3239 464 3304 καί
488 3241 527 3305 τί
550 3240 668 3305 καινάν
692 3243 729 3306 τὸ
752 3242 848 3312 ἐντὸς
872 3245 931 3304 ταῦ
955 3240 1100 3319 τείχους
1125 3237 1324 3325 τειχιζίραενον
1347 3233 1418 3315 πρὸς

147 3359 310 3425 ίαίλαασαν.
358 3359 445 3425 Vera
475 3358 588 3424 manus
620 3364 726 3425 exstat
754 3359 787 3424 in
817 3359 844 3423 B
875 3359 912 3423 τί
945 3357 1041 3430 ἐντὸς
1073 3358 1111 3423 τὸ
1142 3357 1258 3422 καίννν
1281 3361 1417 3435 τεῖχος.

149 3477 201 3544 Sic
223 3497 351 3562 quoque
375 3477 485 3543 Valla:
512 3484 565 3557 „ot
586 3477 720 3542 interior
745 3476 885 3566 (murus)
909 3498 1009 3542 novus
1033 3496 1122 3542 mare
1145 3471 1286 3541 vorsus”.

192 3603 213 3681 ξ
244 3597 275 3664 5.
306 3597 398 3681 Vulg.
429 3597 478 3661 καί
509 3596 557 3662 τὸν
587 3604 665 3661 σῖτον
695 3586 859 3678 ἦννίχκαζαν
890 3595 1007 3669 πάντας
1037 3598 1085 3662 τὸν
1112 3593 1285 3677 ὑπάρχοντα
1309 3618 1343 3658 τε
1368 3593 1416 3658 καί

148 3719 196 3782 τὸν
219 3717 440 3781 ἐπιπλέοντα
464 3716 645 3797 ἐξαιρεῖσθαι.
680 3715 890 3782 Verisimilius
914 3716 1170 3796 Βὲσπλένντα,
1187 3714 1273 3798 quod
1289 3711 1417 3780 Vallem

147 3836 262 3920 legisse
297 3835 447 3902 dixerim:
487 3837 540 3916 „in
575 3857 671 3919 quam
706 3835 865 3919 cogebant
900 3856 991 3901 suum
1028 3854 1186 3918 quemque
1220 3830 1416 3898 frumentum

149 3977 320 4042 seponere,
340 3957 490 4040 quodque
512 3957 599 4022 intra
623 3955 733 4021 urbem
757 3961 841 4021 osset
857 3953 1008 4038 quodque
1024 3973 1113 4017 mare
1130 3947 1417 4018 adveheretur’'.

194 4253 299 4336 Caput
329 4254 370 4318 91
403 4250 480 4340 §L
515 4251 608 4335 Vulg.
632 4253 730 4315 Ταῦτ’
752 4247 799 4315 οὖν
819 4253 856 4314 ἐκ
879 4248 1038 4318 πλείονος
1060 4246 1185 4326 χρόνον
1209 4248 1223 4313 ὃ
1246 4249 1418 4329 Θηραμένης

149 4372 268 4448 aretela.
312 4383 333 4435 Β
357 4374 393 4435 ἐκ
417 4369 578 4442 πλείονός
602 4395 649 4433 τε.
693 4369 730 4433 In
754 4375 892 4453 utraqw’
914 4386 945 4392 “⁴
973 4365 1002 4384 '⁷
1026 4364 1151 4431 ''⁰ssnua
1174 4374 1340 4450 praestat3
1365 4387 1418 4433 co·
