3098 4988
761 318 802 384 31

142 559 328 642 opponatur
357 564 395 636 τῇ
426 553 507 639 aaa„
540 555 686 642 Σικελία).
722 554 816 624 Valle
846 555 933 624 haud
964 555 1060 624 dubie
1092 557 1250 625 sinceram
1281 578 1413 625 menum

140 673 238 742 nobis
271 674 424 743 servarit:
459 673 635 761 „Gylippus
659 694 787 759 quoque
810 674 941 758 (viditne
964 677 1036 759 ret)
1058 676 1205 743 terrestri
1226 676 1340 744 itinere
1364 675 1415 744 si-

144 793 294 862 cilienses
324 793 420 861 urbes
450 793 530 861 adiit
552 813 666 862 rursus
689 793 771 861 alias
794 795 905 879 copias
928 793 1155 863 adducturus''.
1200 795 1294 883 Legit
1315 796 1413 882 igitur

140 923 178 979 Γ.
204 912 234 978 δὲ
257 913 344 999 (πεί)
367 912 448 978 κατίι
470 921 528 991 γῆν
551 915 579 988 ἐς
604 914 656 988 πίιν
674 913 812 979 Σικελίαν
830 911 944 995 ᾤχετο,
965 911 1062 989 ἄλλην
1081 910 1160 988 αὖίις
1179 912 1257 992 ἄξειν
1271 915 1415 996 στρατιὰν

142 1031 206 1118 ἔπι,
230 1051 314 1116 quae
337 1032 432 1100 lectio
456 1030 582 1117 egregie
605 1052 675 1117 cap.
691 1030 735 1098 50
751 1036 771 1116 ξ
790 1033 807 1097 1
823 1030 1000 1099 stabilitum
1024 1033 1057 1113 „d
1077 1032 1106 1098 δὲ
1126 1033 1276 1107 Γύλιππος
1297 1033 1413 1110 ι’ίλλην

140 1176 175 1217 τε
199 1150 375 1232 rupendo
397 1151 509 1226 πολλὴν
533 1150 611 1233 ἔχων
635 1147 720 1227 ἦλίεν
742 1153 803 1217 ιίπδ
824 1159 878 1226 τῆς
901 1150 1070 1225 Σικελίαι”.

185 1386 293 1474 Caput
314 1387 357 1453 47
382 1392 402 1472 ξ
426 1389 447 1453 2
478 1386 573 1473 Vulg.
603 1387 636 1454 τὸ
658 1388 762 1470 χαρίεν
785 1439 815 1456 ..
832 1438 860 1456 ..
884 1391 1023 1471 χαλεπὸν
1047 1385 1093 1468 ἦν,
1117 1401 1140 1455 Β
1164 1389 1232 1457 cine
1257 1410 1356 1457 causa
1380 1384 1413 1465 ἦν

141 1504 274 1575 omittit.

185 1630 207 1711 ξ
230 1627 260 1691 3.
283 1623 375 1711 Vulg.
391 1625 463 1691 αλλ’
484 1622 560 1706 ἅπερ
577 1625 626 1692 ιιαί
645 1625 797 1702 διανινίείς
813 1628 841 1701 ἐς
857 1627 913 1701 coir
929 1625 1094 1702 Ἐπιπιλίις
1110 1626 1411 1716 διακινδυνεῦσαι,

138 1744 238 1821 ἐπειδὴ
250 1745 396 1827 ἔσφαλτα,
410 1743 539 1821 ἐξιέναι
551 1743 721 1826 ἐψηφίζετο.
733 1757 791 1813 Β..
803 1797 810 1812 .
822 1746 1041 1813 διεκινδύνευσε
1043 1795 1212 1827 .........
1222 1747 1338 1814 ιίπιίναι
1349 1799 1355 1816 .
1366 1798 1374 1815 .
1384 1798 1411 1816 ..

142 1863 296 1931 Admircr
326 1883 461 1930 acumen
493 1863 699 1945 correctoris,
732 1864 788 1949 qui
809 1864 843 1930 in
864 1863 892 1930 Β
914 1863 1040 1933 finitum
1063 1864 1194 1933 verbum
1219 1866 1410 1946 restituerit3

139 1982 259 2048 ἀπιέναι
290 2001 418 2066 quoque
450 1982 599 2068 vulgatae
629 1987 783 2067 praestet
829 1983 878 2049 De
900 1982 994 2051 Valla
1024 1983 1105 2050 nihil
1131 1982 1295 2052 affirmare
1318 1984 1409 2054 licet:

142 2101 221 2182 „sed
253 2121 351 2186 quum
374 2100 591 2169 constituisset
613 2102 700 2187 apud
723 2101 880 2188 Epipolas
902 2102 1165 2188 periclitandum,
1190 2109 1320 2171 etcum
1342 2103 1408 2170 fru-

142 2224 266 2288 stratus
289 2224 421 2287 eventus
445 2225 545 2301 esset,
570 2219 725 2288 decedere
747 2219 970 2307 (Demostheni
992 2220 1184 2306 placebat)’'.

186 2458 294 2544 Caput
315 2458 359 2526 48
380 2457 406 2549 ἓ
429 2460 459 2526 2.
483 2458 574 2545 Vulg.
596 2459 635 2526 πί
657 2460 693 2527 δέ
715 2485 749 2528 τι
771 2459 822 2526 ιιαί
842 2459 1195 2539 adadremmon...
1215 2461 1406 2535 ἐλπίδιςτι

138 2577 181 2644 ἔτι
206 2585 350 2660 παρεῖχε,
376 2585 480 2658 recte3
503 2580 531 2645 B
555 2579 641 2647 solus
663 2580 813 2654 ἐλπίδας
836 2606 874 2646 τε
898 2586 1027 2647 etcum
1049 2579 1211 2648 nonnullis
1226 2579 1317 2646 libris
1333 2579 1405 2646 aliis

137 2698 177 2763 rt
200 2696 224 2762 δ’
247 2695 317 2776 ἕνα
349 2704 465 2765 neutra
487 2697 583 2767 lectio
607 2699 697 2768 varie
719 2699 889 2786 probanda
911 2703 969 2768 est
1014 2699 1125 2768 Valle:
1153 2699 1304 2781 „Adhacc
1326 2719 1406 2767 non·

137 2817 219 2884 nihil
242 2819 311 2904 spei
334 2817 442 2886 Nicias
465 2817 638 2886 habebat.''

182 2935 207 3028 ξ
229 2941 260 3004 3.
282 2936 376 3025 Vulg.
398 2939 594 3027 αίκιύσαννει,
619 2939 646 3004 Β
669 2944 702 3006 et
725 2938 759 3004 M
780 2938 942 3010 ιίιιιύινπει.

181 3054 207 3146 ξ
229 3057 261 3122 5.
285 3055 380 3142 Vulg.
404 3058 444 3122 πιί
468 3083 502 3124 τε
526 3057 708 3139 Συρακοσίων
730 3059 789 3138 ἔφη
813 3057 889 3136 ὅμως
912 3057 955 3123 ἔτι
978 3055 1056 3132 ἥσειν
1080 3060 1135 3121 πῶν
1153 3055 1301 3138 σφετέραν
1316 3050 1404 3121 εἶναι

136 3173 196 3238 καί
228 3175 393 3255 χρήμασι
424 3177 484 3257 yde
516 3177 621 3250 αὐτοὺς
648 3176 951 3258 ξενιπιιφιῦνπας...
974 3177 1101 3256 esopo.
1147 3173 1226 3240 Jure
1248 3172 1282 3238 in
1304 3172 1331 3239 B
1353 3171 1403 3238 καί

136 3295 213 3359 ante
242 3293 377 3374 χρίμασι
410 3294 519 3374 abest3
552 3295 597 3363 sic
628 3294 722 3362 Valla
748 3314 877 3380 quoque
903 3294 1006 3375 „Quin
1029 3292 1126 3360 etiam
1149 3291 1307 3360 deteriore
1331 3311 1402 3359 con·

135 3410 260 3478 dicione
284 3431 382 3496 quam
403 3432 478 3478 suas
501 3431 571 3479 esse
593 3432 645 3478 res
662 3411 955 3499 Syracusanorum,
971 3411 1057 3499 quod
1074 3414 1238 3497 sumptum
1254 3409 1401 3477 facerent

134 3530 168 3596 in
191 3531 397 3598 mercenariis
420 3530 573 3599 militibus
597 3531 721 3598 alendis
746 3531 834 3618 sqq.”

180 3648 263 3719 lbid.
288 3649 380 3735 Vulg.
403 3651 568 3733 δισχίλια
592 3652 660 3732 νίιι
684 3649 823 3717 πιίλανπα
847 3651 898 3727 ἤδη
918 3649 1114 3737 ιίννλακέναι,
1134 3662 1156 3717 Β
1176 3647 1344 3734 δισχίλιιί
1362 3673 1402 3716 πε

135 3767 205 3849 reip.
228 3767 320 3836 (δολί.
344 3789 371 3836 c.
398 3770 438 3834 11
462 3767 487 3859 ξ
511 3771 541 3837 2.

179 3886 258 3978 §d
293 3888 386 3973 Vulg.
421 3889 530 3971 τρίβειν
561 3885 607 3956 οὖν
637 3890 695 3973 ἔφη
727 3890 753 3974 (ί
783 3888 905 3977 Νικίας)
935 3899 1042 3973 χρῆναι
1073 3889 1320 3973 πραπκαίηιαὲνονς
1350 3885 1400 3952 καί

134 4008 269 4090 χρήμασι
292 4009 328 4080 ὡς
351 4008 427 4075 πολὺ
449 4010 592 4089 κρείσσους
616 4009 672 4075 elci
693 4009 855 4084 νικνίίντας
877 4007 1013 4096 ἀπιέναι,
1031 4008 1058 4075 Β
1073 4015 1159 4076 recte
1175 4012 1249 4075 ante
1264 4005 1400 4089 χρίμασι

135 4125 226 4193 addit
255 4127 297 4204 αιί
329 4130 362 4192 et
390 4147 430 4193 ex
461 4126 658 4194 correctione
684 4147 831 4211 perverse
854 4148 914 4213 pro
937 4131 973 4201 ὡς
997 4127 1097 4194 tradit
1119 4123 1165 4194 ὦν.
1211 4122 1305 4191 Valla
1327 4141 1400 4190 cum

133 4242 162 4309 B
196 4244 354 4329 expressit
387 4246 446 4323 μίν
482 4244 572 4325 „ideo
605 4242 724 4311 debere
752 4243 786 4309 in
817 4244 997 4313 obsidenda
1026 4245 1105 4312 urbe
1134 4249 1299 4329 perstare,
1331 4260 1399 4308 nec

132 4368 289 4448 tanquam
312 4361 479 4430 inferiores
502 4362 652 4448 pecunia,
670 4362 725 4446 qui
740 4360 842 4430 multo
859 4363 1039 4449 superiores
1056 4365 1179 4440 essent,
1198 4355 1399 4427 obscedere’'.
