3098 4988
691 339 735 405 93

73 575 138 641 nisi
171 574 358 644 Alcibiades
391 575 416 666 ξ
448 580 470 643 3
501 582 533 644 et
569 574 594 667 ξ
624 576 647 642 4
678 577 841 662 loquitur,
870 598 968 661 quam
999 577 1040 645 ob
1073 598 1140 644 rem
1171 578 1230 644 viri
1261 578 1347 645 docti

74 695 186 761 eodem
216 696 308 782 jure,
334 715 398 780 quo
420 695 518 781 paulo
541 695 644 781 inira,
668 695 862 781 singularem
888 694 1037 781 flagitant
1059 718 1227 763 numerum
1253 696 1347 777 ἠξίου,

73 833 170 898 quem
194 814 282 880 solus
304 812 399 879 Valla
422 812 577 880 servarit:
618 834 713 892 „num
736 812 911 899 postulavit
935 834 1060 880 omnem
1082 815 1207 881 Ioniam
1229 814 1346 882 tradi.''

118 931 195 1022 §fa
219 931 311 1018 Vulg.
336 933 462 998 ἐνταῦθα
485 932 518 1007 db
541 932 634 998 οὐκέτι
659 957 706 1008 τι,
729 931 802 997 άλλ’
827 931 924 1013 άποροι
949 932 1117 1011 νομθσκντες
1153 935 1177 997 οἱ
1206 934 1346 1010 Ἀθκνοῖιοι

176 1050 353 1123 άπελθθντες
384 1050 538 1132 κομίζοντα
570 1054 599 1124 ἐς
631 1054 682 1126 τὴν
706 1051 820 1128 Σάμον.
855 1051 965 1119 Lectio
988 1073 1054 1118 non
1077 1057 1213 1119 constat.
1249 1052 1346 1130 Quid-

73 1168 153 1253 quid
192 1174 301 1234 autem
332 1170 537 1236 statuendum
568 1176 633 1248 est,
666 1170 694 1235 Β
726 1190 874 1256 peruerse
904 1170 1023 1237 omittit
1054 1170 1148 1239 άλλά.
1188 1170 1346 1255 Equidem

71 1309 146 1354 cum
181 1285 246 1354 illis
274 1285 376 1368 facio,
407 1287 462 1372 qui
493 1308 566 1353 oum
598 1287 779 1355 Scholiasta
809 1288 849 1354 de
879 1287 976 1355 verbo
1008 1289 1145 1373 quodem
1175 1288 1346 1357 inserendo

70 1411 148 1492 post
169 1407 261 1472 οὐκέτι
278 1426 306 1472 τι
330 1406 483 1494 cogitant,
509 1410 594 1491 quod
619 1407 716 1475 Valla
740 1428 866 1493 quoque
891 1409 1020 1475 suadet:
1047 1409 1108 1490 „ad
1132 1409 1213 1475 haec
1235 1413 1346 1493 postu-

69 1524 142 1591 lata
171 1524 253 1591 nihil
276 1527 346 1612 jam
370 1526 508 1612 amplius
531 1547 698 1594 assensere
722 1527 952 1612 Athenienses,
986 1525 1042 1593 sed
1066 1548 1106 1594 aa
1128 1526 1347 1595 intolerabilia

69 1642 270 1711 arbitrantes
396 1646 532 1731 digressi
555 1667 590 1713 se
615 1645 747 1714 Samum
769 1643 988 1731 receperunt’'.

120 1879 227 1967 Caput
249 1882 292 1947 57
316 1879 340 1972 ξ
367 1883 392 1948 l.
416 1882 508 1968 Vulg.
531 1882 671 1961 ξυνθθκας
696 1886 739 1950 ἔτι
755 1881 856 1955 άλλας
880 1882 1140 1963 ποικσάμενος,
1162 1880 1199 1955 άς
1215 1880 1345 1957 doddon-

68 2024 141 2085 ται,
173 2001 284 2079 τροφήν
315 2025 349 2067 τε
372 2001 513 2082 παρέχειν
536 2002 586 2067 καὶ
608 2004 652 2081 μὴ
675 2002 866 2069 παντάπασιν
890 2003 1226 2078 ἐκπεπολεμῆσθαι,
1251 2001 1344 2074 δεδιὼς

67 2121 132 2198 μὴ,
166 2119 200 2196 ἣν
230 2121 356 2202 άπομῒισι
389 2128 516 2194 πολλαῖς
547 2112 629 2189 ναυσὶ
653 2130 706 2198 τῆς
729 2128 855 2207 τροφῆς,
888 2127 904 2199 ἢ
928 2129 986 2194 τοῖς
1008 2121 1165 2197 Ἀθκναθοις
1188 2123 1343 2198 άναχκασ-

67 2239 166 2310 θέντες
201 2247 370 2320 ναυμαχεῖν
404 2243 560 2318 ἧσσνθῶσιν
592 2242 609 2319 ἢ
640 2243 806 2307 κενιοθεισῶν
836 2247 892 2309 τῶν
915 2248 981 2307 νεῶν
1004 2239 1072 2306 άνευ
1096 2242 1200 2307 ἑαυτοῦ
1223 2240 1344 2318 νθνκπαι

67 2359 229 2435 Ἀθηναίοις
252 2356 456 2437 ἃβοθλοντοιι.
481 2359 526 2427 Ut
542 2360 659 2446 duplex
675 2362 692 2438 ἢ
709 2412 715 2427 .
730 2412 736 2427 .
751 2411 777 2427 ..
795 2361 826 2441 ἢ,
842 2362 927 2429 inter
943 2383 977 2428 se
993 2361 1190 2446 oppositum,
1207 2359 1342 2439 indicat,

68 2475 233 2544 sententia
268 2476 490 2559 conditionali,
527 2499 610 2562 quae
644 2479 677 2546 in
708 2478 736 2544 B
767 2481 933 2547 omittente
964 2479 998 2555 bb
1028 2479 1123 2546 abest
1130 2479 1139 2560 ,’
1171 2499 1236 2546 non
1266 2498 1343 2563 pos·

66 2615 177 2662 sumus
210 2615 319 2662 carere
351 2616 454 2680 nequa
486 2599 589 2684 magis
622 2621 693 2667 cnm
718 2600 840 2683 optimo
862 2599 944 2665 libro
968 2597 1175 2682 participium
1198 2596 1341 2663 futurum

68 2714 257 2794 πονησάμενος
289 2717 508 2800 recipiendum
544 2722 603 2785 est.
649 2718 676 2783 B
711 2723 820 2784 autem
854 2722 940 2785 recte
971 2718 1228 2795 ἐκπεπολεμῶσθαι
1235 2765 1244 2795 ,
1269 2737 1342 2781 cum

68 2950 180 3019 Vallaz
216 2951 427 3037 „initiaque
456 2952 529 3020 aliis
559 2954 812 3039 quibuscumque
839 2960 951 3039 posset
973 2952 1195 3040 pactionibus,
1220 2952 1341 3037 stipen-

68 3069 156 3135 dium
173 3068 317 3136 solrendi
339 3090 386 3136 ne
408 3092 570 3156 prorsus
593 3071 654 3140 sibi
677 3073 811 3141 hostes
833 3074 1030 3141 redderet:
1054 3073 1169 3140 timens
1185 3073 1269 3139 enim
1285 3095 1340 3153 ne,

68 3192 126 3254 aut
156 3186 261 3254 coacti
291 3210 443 3274 pugnare
466 3211 538 3257 cum
563 3169 819 3260 'Atheniensibus
851 3194 977 3260 classe
1000 3215 1044 3260 ex
1067 3214 1204 3278 magna
1226 3199 1339 3277 parte

69 3308 270 3395 stipendio
292 3308 481 3378 fraudata
505 3310 766 3397 succumberent,
791 3316 849 3378 aut
871 3309 970 3395 sqq.”.

88 3542 223 3629 'Caput
244 3543 287 3610 58
311 3541 335 3634 ἓ
361 3548 388 3610 1.
410 3543 503 3631 Vulg.
535 3547 599 3627 περὶ
622 3553 677 3613 τῶν
698 3547 846 3625 βασιλέως
868 3550 1056 3644 πραγμάτων
1078 3549 1127 3614 καὶ
1152 3549 1338 3630 Λακεδαιμο-

71 3663 144 3728 νίαν.
180 3661 208 3727 Β
239 3662 390 3729 mendose
412 3667 487 3748 post
509 3670 559 3729 καὶ
583 3664 677 3731 addit
698 3671 764 3731 τῶν.
800 3665 837 3731 V.
864 3666 924 3747 „de
946 3667 1030 3752 regis
1054 3666 1158 3750 deque
1180 3666 1338 3734 Lacedae·

69 3783 248 3850 munierum
366 3781 528 3867 negotiis'.
573 3780 598 3873 ξ
620 3784 652 3849 4.
677 3789 829 3850 autema
853 3784 900 3849 ἐπὶ
924 3796 963 3850 Λ.

113 3899 138 3992 ξ
160 3902 194 3972 2.
217 3900 314 3986 Vulg.
348 3901 397 3966 καὶ
422 3901 484 3981 περ)
509 3910 561 3977 τῆς
584 3902 684 3983 κάρος
707 3910 759 3977 τῆς
782 3903 886 3968 ἑαυτοῦ
908 3901 1073 3979 βουλευέτω
1095 3902 1238 3980 βασιλεὺς
1262 3902 1338 3976 θπιος

68 4023 222 4102 βούλεται.
257 4022 285 4087 Β
315 4028 349 4089 et
378 4021 525 4088 nonnulli
555 4021 611 4088 alii
640 4021 728 4087 haud
751 4019 846 4088 dubie
870 4043 910 4088 ex
933 4023 1117 4107 conjectura
1139 4021 1338 4102 βασιλευέτω,

71 4141 159 4225 quod
190 4141 260 4226 jam
293 4139 531 4225 praepositione
565 4139 628 4219 περὶ
660 4138 842 4205 damnatur.
890 4138 971 4206 Vero
1001 4137 1112 4206 Vella:
1144 4138 1246 4222 deque
1277 4159 1338 4208 sua

66 4257 235 4344 provincia
256 4278 314 4324 rex
336 4255 556 4324 deliberato
580 4278 639 4342 pro
663 4278 721 4324 suo
745 4256 912 4324 arbitrio”.

71 4393 75 4401 '
115 4373 195 4469 §b
219 4375 312 4463 Vulg.
343 4375 588 4454 Λακεδαιμονίους
620 4375 649 4440 δὲ
680 4376 819 4449 καὶτοὺς
849 4374 1030 4464 ξυμμάχους
1062 4380 1254 4458 τελευτῶντος
1285 4383 1337 4450 τοῦ
