3098 4988
833 337 877 413 58

220 579 340 646 dietum
364 581 490 648 videtur
505 583 542 669 1).
575 583 665 662 Quod
691 584 787 651 Valla
813 586 949 666 „multos
972 588 1068 653 etiam
1093 587 1184 655 avide
1199 581 1373 674 potantes”
1390 589 1488 656 inter-

220 705 364 783 pretatus
388 708 456 784 est,
486 722 551 767 non
573 705 738 790 permagni
763 710 814 771 est
835 704 1038 789 faciendum,
1062 728 1133 772 eum
1155 708 1189 773 in
1213 707 1315 774 latino
1339 730 1487 775 sermone

216 819 284 885 fere
307 821 488 888 necessario
512 843 593 908 opus
618 823 660 889 sit
683 825 848 890 adverbio.

258 1056 365 1141 Caput
388 1056 477 1147 855
503 1060 531 1126 1.
563 1060 656 1146 Vulg.
687 1061 737 1127 καί
769 1063 862 1143 ἐαυτῷ
895 1064 949 1140 μὲν
980 1064 1131 1143 χρῆσθαι
1155 1063 1285 1128 ε’κίλευευ
1306 1065 1423 1133 ἐκείνου.
1458 1065 1484 1130 Β

212 1176 432 1261 χρίσασθαι,
463 1177 548 1259 quod
579 1177 773 1244 recentiores
806 1180 946 1248 editores
977 1186 1186 1266 receperunt,
1219 1188 1253 1247 et
1275 1189 1409 1267 propter
1433 1205 1481 1251 se-

213 1315 313 1378 quens
343 1294 514 1359 παύσασθαι
545 1295 682 1378 speeiem
714 1316 790 1361 sane
815 1295 923 1365 habet.
971 1298 1099 1364 Vallem
1122 1300 1243 1367 frustra
1268 1302 1440 1369 adibimus.

255 1413 279 1504 ξ
303 1416 333 1478 2.
357 1413 448 1498 Vulg.
472 1414 522 1479 καί
546 1412 611 1485 rede
635 1437 668 1477 σε
690 1414 807 1485 λυιπσιίς
824 1466 831 1480 .
847 1461 855 1478 .
869 1462 877 1478 .
891 1465 897 1480 .
913 1413 1097 1492 ξυγκυαίσας
1113 1416 1232 1498 ζῶντας.
1256 1419 1283 1484 Β
1301 1423 1481 1489 sententiae

209 1539 352 1600 tenorem
375 1534 517 1600 restituit
538 1552 597 1618 pro
621 1532 791 1616 participio
815 1532 974 1616 praebens
989 1532 1191 1612 ξυνεκίμισαυ.
1217 1537 1311 1605 Valla
1327 1540 1478 1608 liberius:

213 1653 350 1734 „caeteri
469 1652 530 1719 viri
553 1655 628 1716 sunt
650 1649 767 1734 eapti’.

253 1890 360 1974 Caput
382 1889 424 1956 86
448 1894 468 1972 ξ
493 1890 521 1955 2.
546 1888 638 1973 Vulg.
662 1889 728 1960 τσὺς
753 1888 806 1960 αὲυ
829 1885 939 1960 σίλλους
965 1889 1122 1963 Ἀθηναίων
1144 1891 1358 1970 κατεβίβασαν
1373 1894 1403 1967 ἐς
1420 1896 1476 1970 τὰς

208 2011 392 2094 λιίστυμίας,
425 2008 664 2091 ἀσφαλεστάτην
700 2003 771 2072 εἶναι
808 2007 978 2082 νομίσαντες
1009 2009 1134 2088 σῆρυσιυ.
1169 2009 1246 2078 Fuit
1276 2010 1475 2101 MadvigiuS‚

208 2129 263 2213 qui
285 2133 359 2212 post
381 2126 619 2209 ἀσφαλεστάτην
642 2125 767 2192 addidit
789 2126 914 2204 ταύτην,
939 2148 1011 2193 enm
1034 2135 1109 2212 post
1132 2130 1360 2215 superlativum
1384 2133 1475 2200 facil·

205 2246 280 2312 lime
303 2266 480 2330 pronomen
503 2243 648 2311 excidere
671 2244 819 2327 potuerit
852 2244 953 2322 Quam
970 2245 1220 2331 disputationem
1235 2248 1315 2316 nihil
1331 2249 1475 2320 infitians

206 2362 378 2430 Classenus
401 2362 546 2430 declarat
569 2383 620 2448 se,
645 2363 705 2428 etei
728 2362 886 2447 intellegit
908 2362 1027 2447 optime
1042 2363 1113 2430 fieri
1129 2387 1223 2451 posse
1240 2374 1277 2433 ut
1295 2367 1475 2456 Madvigius

204 2490 292 2550 recte
327 2484 489 2568 opinetur,
523 2487 643 2548 textum
679 2486 802 2547 mutare
836 2481 921 2548 nolle
956 2482 1019 2548 nisi
1051 2482 1115 2550 alio
1146 2485 1328 2553 testimonio
1362 2488 1474 2557 allato.

203 2603 279 2670 Jam
309 2623 384 2669 vero
413 2602 503 2668 lubet
533 2599 788 2667 animadvertere
818 2620 879 2685 pro
910 2600 977 2667 viro
1007 2601 1222 2671 illustrissimo
1246 2605 1340 2672 Dano
1364 2605 1474 2675 faeere

204 2720 350 2788 Vallem:
374 2721 589 2800 „tutissimam
613 2718 834 2785 existimantes
858 2738 930 2784 earn
953 2739 1023 2787 esse
1048 2721 1260 2788 custodiam''.

247 2838 328 2905 lbid.
351 2837 443 2922 Vulg.
467 2835 585 2911 σ’ίκσυσας
608 2843 659 2903 τσῦ
682 2838 852 2913 Γυλίππου,
877 2836 904 2901 Β
927 2838 1095 2904 articulum
1118 2839 1245 2906 omittit.

247 2956 325 3047 §4
361 2955 452 3041 Vulg.
487 2953 548 3020 ἄνθ’
580 2953 616 3020 ὧν
646 2952 676 3020 σί
698 2980 731 3020 τε
762 2956 982 3033 Λακεδαιμόνιοι
1014 2952 1088 3031 ἦσαν
1119 2959 1199 3038 αὐτῷ
1231 2959 1265 3042 (i.
1288 2981 1315 3026 e.
1346 2961 1474 3051 Niciae)

202 3083 390 3157 προσφιλεῖς,
426 3075 554 3146 κσίκεῖυσς
586 3075 643 3154 οὐχ
676 3072 781 3148 ἥκιστα
811 3074 973 3147 πιστεύσας
1004 3075 1106 3141 ἑαυτὸν
1135 3078 1176 3151 rei
1207 3079 1351 3160 Γυλίππῳ
1382 3083 1472 3162 παρέ-

202 3196 297 3260 δωκεν.
329 3193 356 3258 Β
388 3199 463 3260 ante
493 3193 654 3265 πιστεύσας
686 3193 800 3259 inserit
830 3192 876 3257 δια
907 3199 1004 3275 ταῦτα,
1036 3197 1122 3278 quod
1147 3197 1234 3280 apud
1256 3197 1383 3266 Vallum
1406 3223 1471 3270 non

201 3318 315 3379 exstat.
349 3312 609 3378 Additamentum
628 3312 697 3398 jam
713 3312 746 3376 in
762 3309 859 3377 dubio
875 3313 984 3396 posuit
999 3313 1111 3399 Poppo
1127 3321 1162 3382 ut
1178 3317 1275 3383 etiam
1292 3318 1469 3403 ernoldus,

200 3432 255 3515 qui
286 3430 347 3497 hoe
379 3430 474 3496 modo
506 3429 667 3514 disputat:
706 3429 860 3509 „Frustra
891 3428 1036 3496 additum
1068 3421 1126 3497 δια
1142 3439 1226 3499 ταῦτα
1249 3455 1324 3501 nam
1347 3438 1410 3503 ἄνθ’
1434 3437 1471 3505 riv

199 3549 538 3628 πιστεύσας-παρέδωκεν
574 3549 634 3614 etsi
670 3568 734 3613 non
768 3567 900 3631 prorsus
935 3547 1094 3613 subtiliter
1124 3548 1333 3639 dictumest,
1369 3575 1469 3639 quum

199 3669 364 3754 proprium
400 3667 525 3734 dicendi
556 3688 657 3752 genus
691 3671 775 3732 esset
805 3666 840 3730 δι’
864 3664 903 3746 d,
932 3670 1040 3731 tamen
1071 3668 1250 3753 exemplum
1273 3670 1468 3742 levissimum

200 3792 249 3853 est
278 3786 364 3852 illius
394 3785 533 3850 usitatae
560 3784 790 3869 negligentiae,
822 3804 887 3868 qua
916 3784 1104 3851 vocabulum
1128 3791 1185 3853 aut
1206 3787 1345 3857 formula
1368 3812 1468 3876 quae·

199 3905 274 3971 dam
292 3902 417 3971 duobus
434 3902 668 3969 enunciationis
683 3900 835 3968 membris
852 3902 1056 3988 adjungitur,
1071 3924 1208 3988 quornm
1224 3908 1321 3976 alteri
1336 3916 1468 3998 proprie

197 4031 325 4090 tantum
348 4018 521 4090 eonvenit'.
552 4021 631 4087 Mihi
653 4019 783 4106 quidem
805 4021 939 4088 Arnoldi
953 4021 1152 4107 indulgentia
1169 4046 1234 4093 non
1254 4027 1376 4116 placet,
1393 4053 1467 4100 eum

198 4143 362 4227 vulgatam
394 4138 555 4227 elegantia
585 4139 741 4207 sermonis
770 4142 880 4224 putem
910 4143 1075 4223 praestare
1107 4139 1278 4224 Vaticano,
1302 4149 1392 4215 ouius
1417 4151 1465 4216 διὰ

229 4408 255 4465 1,
