3098 4988
669 349 712 427 at

54 582 156 674 με’νονς
187 585 313 662 σπονδῶν
343 588 444 678 ᾔσθετο
474 599 530 660 τῶν
559 594 790 670 Πελοποννησίων
820 594 943 679 primus
973 593 1034 661 fuit
1056 582 1226 663 Herbstius
1249 584 1324 681 qui,

56 713 210 781 Classeno
241 713 431 798 plaudente,
462 713 503 780 de
532 712 696 779 Alcibiade
727 713 896 797 acceperit
943 713 1068 779 Nedum
1099 734 1232 797 urgeam
1256 734 1324 779 ver·

55 833 171 900 borum
194 831 299 899 locum
322 852 399 899 sane
422 831 526 898 minus
550 837 662 915 aptum
685 838 760 916 post
781 830 1018 916 praecedentia,
1042 831 1076 897 in
1099 831 1216 917 quibus
1228 832 1321 898 modo

57 950 98 1018 de
127 950 343 1035 Tissapherne
377 969 480 1016 sermo
516 954 582 1030 est,
611 948 792 1016 contrariae
816 948 975 1033 opinionis
999 950 1225 1016 documentum
1248 971 1325 1034 sup-

55 1068 223 1154 peditatus·
245 1067 279 1133 in
302 1069 332 1133 ἒν
355 1065 374 1150 ᾖ
395 1070 443 1132 τὸν
467 1073 517 1134 τοῦ
541 1066 731 1144 Ἀλκιβιάδου
754 1066 842 1143 λόγον
866 1065 998 1148 πρότερον
1021 1067 1162 1147 εἰρημένον
1186 1066 1250 1145 περὶ
1275 1073 1325 1133 τοῦ

56 1190 218 1270 ἐλευθεροῦν
248 1189 314 1261 τοὺς
339 1188 583 1266 Λακεδαιμονίους
607 1187 730 1259 οἱποὶσοοι
753 1188 809 1260 τοὶς
833 1187 931 1259 πόλεις
953 1188 1146 1263 ἐπήλνθενσεν
1169 1189 1183 1252 ὃ
1207 1186 1327 1267 Λίχας,

58 1309 93 1375 in
117 1307 233 1392 quibus
256 1307 284 1373 si
306 1306 476 1374 Herbstius
498 1328 574 1374 vera
597 1307 774 1388 docuisset,
798 1305 885 1372 haud
909 1305 1003 1372 dubie
1026 1327 1091 1372 non
1114 1312 1165 1372 τοῦ
1190 1304 1327 1381 Ἀλκιβι-

59 1426 129 1493 cidon
162 1426 219 1493 sed
250 1427 354 1492 ἑαυτοῦ
377 1424 489 1493 fuisset
513 1424 726 1492 scribendum,
773 1424 933 1509 Sequitur,
956 1432 993 1492 ut
1020 1425 1119 1492 verba
1142 1447 1162 1491 a
1186 1444 1235 1491 me
1257 1424 1328 1490 lau-

60 1545 142 1611 dats
175 1545 215 1611 de
245 1542 468 1628 Tissaphernis
498 1543 660 1629 cogitandi
694 1544 875 1628 agendique
909 1543 1088 1611 rationibus
1120 1542 1329 1628 intelligenda

59 1664 137 1731 sint.
171 1661 241 1747 Age
260 1663 348 1747 jam,
371 1660 514 1728 ridemus
537 1661 622 1727 inter
645 1681 778 1742 causas,
804 1667 938 1746 propter
962 1682 1043 1746 quas
1058 1659 1329 1729 Lacedaemonios

60 1783 124 1851 sibi
146 1783 306 1867 denegare
328 1780 425 1848 fidem
451 1777 583 1847 nolebat
606 1776 854 1864 Tissaphernes,
877 1777 962 1845 hanc
985 1777 1103 1865 fuisse,
1128 1779 1214 1864 quod
1238 1777 1330 1845 Pelo-

58 1901 224 1989 ponnesiis
258 1901 328 1986 jam
357 1899 555 1966 Therimsnis
586 1918 698 1983 pacem
732 1897 931 1964 stomachum
963 1899 1098 1965 movisse
1130 1899 1329 1966 animadver-

58 2020 154 2088 tisset
183 2017 338 2103 ideoque,
369 2038 442 2083 cum
471 2014 620 2082 fortiores
652 2019 776 2102 essent,
803 2035 857 2082 eos
880 2014 977 2101 plane
999 2036 1021 2082 a
1044 2037 1078 2083 se
1102 2016 1244 2085 alienare
1267 2018 1329 2084 hoc

59 2137 192 2225 quidem
215 2143 335 2222 puncto
358 2135 512 2222 temporis
536 2155 554 2201 e
576 2155 612 2200 re
635 2155 694 2201 sua
723 2155 788 2202 non
811 2155 889 2202 esse.
936 2135 1032 2202 Valla
1054 2141 1141 2203 reete
1165 2137 1199 2203 ni
1214 2136 1326 2204 fallor:

60 2257 246 2343 cupientem
269 2259 395 2340 tamem
419 2253 531 2336 siquo
554 2257 650 2336 pacto
673 2257 801 2338 posset,
826 2252 887 2320 sibi
910 2254 1022 2321 haberi
1043 2254 1168 2324 fidem”.

107 2372 192 2442 Ibid.
223 2372 317 2456 vulg.
347 2375 435 2437 reete
465 2369 589 2444 οἱπιέσιις
619 2371 675 2442 τιὶι
706 2369 815 2443 πόλεις.
849 2369 959 2439 Valla:
997 2379 1150 2454 „cunctas
1173 2375 1329 2443 civitates.

59 2497 89 2564 B
113 2496 169 2568 τὰς
192 2492 318 2565 σὶποίσοις
340 2495 449 2564 πόλεις.

109 2731 216 2818 Caput
237 2730 282 2797 53
303 2727 328 2820 ἓ
351 2731 379 2796 2.
412 2729 505 2814 Vulg.
538 2729 827 2810 μοιοτνοομένσν,
860 2749 900 2796 ex
930 2752 991 2798 usu
1023 2731 1188 2817 scriptoris
1219 2755 1240 2802 a
1266 2756 1331 2819 quo

62 2852 206 2920 alienum
229 2855 279 2917 est
300 2849 609 2931 adproperatum,
634 2848 722 2932 quod
744 2853 794 2915 est
814 2847 850 2915 in
871 2850 909 2915 B.

108 2968 189 3035 Ibid.
220 2966 311 3054 Vulg.
347 2968 441 3046 taetra
472 2964 524 3032 ἕνον
554 2963 676 3033 ἕκαστον
706 2969 819 3033 αὐτῶν
850 2966 994 3047 παράγων
1023 2974 1079 3033 τῶν
1109 2970 1330 3049 ἀντιλεγόντων.

61 3089 200 3174 Propter
233 3094 289 3153 τῶν
321 3063 534 3164 ἀντιλεγόντων
568 3086 689 3153 insulse
720 3087 864 3153 abundat
895 3088 1008 3172 αὐτῶν,
1037 3089 1123 3172 quod
1145 3090 1173 3155 Β
1196 3091 1331 3169 omittit,

61 3226 170 3291 neque
191 3205 292 3273 tradit
313 3206 358 3274 B:
384 3204 548 3290 „singulos
571 3203 857 3271 contradicentium
880 3205 1162 3288 percontabatur’'.

107 3325 191 3392 Ibid.
226 3323 319 3408 Vulg.
353 3323 386 3400 ἤν
417 3321 496 3408 (sive
526 3320 573 3411 iio)
603 3347 683 3389 τινοι
714 3323 919 3404 ἐλπίδοέχει.
956 3324 1088 3393 Praetat
1109 3328 1136 3393 B
1159 3328 1182 3392 ἔι
1205 3351 1332 3396 τινοιν,

64 3443 161 3511 Vella
182 3442 337 3509 relatum:
363 3461 544 3526 „ecquam
566 3461 657 3527 spem
773 3441 962 3509 haberent'’.

106 3558 132 3652 ξ
155 3563 176 3626 3
199 3558 292 3645 vulg.
315 3559 435 3626 rectius
457 3559 544 3625 ὁπότε
567 3558 597 3625 δὲ
622 3578 719 3643 quam
742 3557 769 3624 B
792 3559 878 3626 τ’τότε
902 3561 946 3637 rt.

76 3720 79 3727 ·
107 3677 192 3747 Ibid.
226 3676 317 3763 Vulg.
350 3679 476 3743 ἐννοοῦσιν
506 3676 546 3752 δὴ
577 3682 682 3762 σοφῶς
718 3677 822 3756 ἔλεγεν
851 3683 950 3754 adroic
973 3679 1075 3747 multo
1099 3681 1331 3767 significantius

63 3815 162 3882 quam
191 3795 341 3864 Vaticani
370 3795 431 3872 ἤδη.
476 3794 571 3862 Valls
600 3795 634 3860 in
665 3795 840 3863 minoribus
870 3797 934 3864 illis
964 3799 1126 3866 vocabulis
1159 3802 1331 3870 reddendis

62 3915 151 3983 haud
182 3935 331 4000 magnam
361 3913 471 3998 posuit
500 3933 631 3999 operam
665 3920 838 4003 nostroque
875 3915 946 3985 loco
975 3919 1054 3984 nihil
1080 3921 1220 4002 rettulit;
1251 3942 1331 4005 quo-

63 4033 149 4102 ciroo
171 4032 240 4101 fere
264 4037 390 4100 constat
412 4053 484 4099 eum
507 4031 624 4099 vidisse
647 4032 698 4111 δή,
723 4052 794 4100 oum
817 4035 868 4113 ἤδη
893 4036 972 4121 quid
996 4045 1082 4106 esset
1106 4038 1158 4105 rix
1181 4039 1330 4124 ignorare

62 4155 184 4237 posset

108 4268 191 4336 Ibid.
216 4267 310 4351 Vulg.
334 4266 385 4332 ιιιιὶ
408 4268 478 4363 μή,7
491 4272 578 4334 reete
601 4288 660 4353 pro
683 4270 733 4334 κοιὶ
756 4271 814 4347 μὴν
838 4292 878 4337 ex
901 4269 939 4337 B.
975 4270 1107 4354 Valla„:
1132 4274 1199 4342 ne'’.
1239 4275 1331 4355 Quod

62 4393 175 4458 autem
211 4387 238 4453 B
275 4386 310 4453 in
339 4386 484 4472 proxime
514 4387 720 4472 sequentibus
755 4411 814 4474 pro
849 4391 977 4476 vulgata
1012 4393 1231 4472 ἕβονλεύσνμεν
1266 4396 1331 4462 siue

1200 4511 1233 4563 7*
