3098 4988
828 326 872 391 66

258 561 365 648 Caput
390 561 478 653 12ss
507 566 535 630 1.
557 561 649 647 Vulg.
673 564 851 646 φθήσονται,
875 562 903 626 Β
927 563 1017 629 addit
1039 589 1082 631 τε.
1107 563 1203 631 Valla
1225 564 1357 632 liberius
1380 566 1486 632 vertit

257 681 339 747 Ibid.
374 682 466 767 Vulg.
497 680 592 757 λέγων
623 679 666 745 ὅτι
693 681 854 761 φθήσοντοιθ
882 705 916 744 τε
947 681 1129 754 πλεύσαντες
1157 681 1223 761 πρὶν
1246 684 1298 756 τὴν
1320 687 1377 748 τῶν
1402 688 1485 748 νεῶν

212 801 367 884 ξυμφορὰν
392 801 473 873 Χθονς
496 800 635 884 οιὶθὲσθοοι,
658 814 768 866 Β....
793 802 857 881 πρὶν
880 802 897 877 ἢ
921 803 972 876 τὴν
994 809 1049 867 τῶν
1072 801 1264 878 Ἀθννοοθονν
1291 805 1365 871 κτὲ.
1391 804 1484 870 Unus

211 930 261 990 est
292 942 309 988 e
342 921 440 1008 locis,
471 923 505 988 in
535 920 652 1007 quibus
686 920 862 986 Vaticanus
893 920 1017 987 rettulit
1050 920 1204 989 lectiones
1231 923 1312 988 miro
1342 922 1482 989 modoa

211 1044 342 1128 vulgata
364 1043 551 1109 recedentes
574 1041 750 1124 eodemque
773 1045 917 1125 tempore
940 1042 1099 1126 pessimae
1121 1048 1217 1109 notae
1234 1043 1271 1125 l).
1317 1043 1484 1122 Quomodo

213 1163 297 1229 enim
320 1170 375 1228 τῶν
401 1162 555 1236 Ἀθηναίων
579 1159 729 1227 conlundi
753 1161 893 1244 potuerit
916 1182 987 1226 cum
1010 1161 1076 1226 νέον
1091 1182 1183 1228 nemo
1198 1162 1358 1247 intelligit.
1387 1162 1483 1230 Valla

212 1288 320 1350 autem
351 1302 415 1349 non
450 1280 591 1347 reddidit
623 1285 680 1344 τῶν
714 1285 779 1343 νεῶν
814 1279 931 1346 nedum
964 1286 1019 1346 τῶν
1057 1284 1210 1357 'aduratur
1244 1282 1478 1366 interpretatus

213 1400 270 1469 sit:
306 1400 387 1467 haec
417 1399 514 1465 verba
544 1397 641 1482 igitur
671 1398 705 1462 in
734 1397 816 1463 libro
848 1398 916 1465 eius
947 1397 1099 1485 aberant,
1133 1400 1357 1488 sequiturque,
1380 1407 1419 1467 ut
1442 1402 1481 1467 de

212 1519 403 1587 emblemate
426 1517 600 1603 cogitemus
624 1517 666 1584 sit
690 1537 828 1583 necesse.
864 1516 1102 1584 Praemonitum
1126 1519 1177 1584 vix
1193 1523 1270 1604 puto
1285 1541 1481 1604 quemquam

212 1638 361 1705 dubitare
397 1639 437 1703 de
472 1637 583 1721 spuria
617 1643 735 1702 natura
766 1635 935 1701 verborum
966 1642 1022 1701 τῶν
1056 1633 1229 1715 'adunatam
1267 1639 1347 1723 quin
1382 1641 1480 1707 etiam

211 1757 359 1841 vulgatae
390 1762 445 1820 τῶν
468 1762 534 1820 νεῶν
558 1755 599 1821 ad
623 1756 675 1829 clv
699 1753 852 1835 ξυμφορὰν
875 1753 1100 1837 explicandum
1125 1762 1200 1821 sunt
1222 1756 1342 1823 addita.
1387 1757 1480 1836 Quod

211 1878 239 1943 si
263 1877 449 1962 statuimus,
475 1876 634 1960 quomodo
658 1874 766 1940 variae
788 1872 942 1938 lectiones
966 1877 1076 1940 tantae
1100 1873 1292 1939 diversitatis
1309 1879 1400 1940 ortae
1418 1875 1482 1942 sint

211 2017 275 2062 non
306 1996 443 2082 amplius
474 1996 571 2076 latet3
600 1995 651 2061 bis
674 1996 758 2060 enim
782 1992 823 2058 ad
847 1995 899 2067 τὴν
923 1991 1076 2076 ξυμφορὰν
1099 1993 1331 2078 interpolatum
1356 1999 1424 2061 cst:
1447 1996 1480 2060 in

210 2114 340 2200 vulgata
364 2115 487 2198 maJ'ore
511 2136 582 2180 cum
608 2115 714 2197 specie
738 2134 796 2198 per
818 2119 874 2178 τῶν
896 2119 977 2188 νεῶν,
1000 2112 1158 2179 infelicius
1182 2118 1289 2180 autem
1312 2113 1346 2178 in
1369 2114 1397 2178 B
1422 2135 1480 2198 per

210 2239 266 2299 τῶν
310 2233 466 2308 Ἀθηνοιθον
510 2232 545 2322 (i.
581 2255 606 2300 e.
636 2233 760 2300 cladem
795 2232 836 2300 ab
871 2232 1079 2299 Athiensibus
1114 2232 1287 2318 Spartiatis
1321 2234 1479 2319 sociisque

210 2351 334 2418 illatam
350 2352 386 2437 θ).

256 2469 337 2536 Ibid.
362 2469 454 2554 Vulg.
477 2470 526 2536 aul
550 2471 656 2556 οιθτθς,
679 2469 750 2536 dcccv
772 2468 928 2550 προσβοθλιι
943 2521 949 2535 .
964 2520 971 2535 .
987 2520 1016 2536 ..
1040 2469 1165 2546 πεθσειν,
1187 2483 1209 2535 Β
1233 2470 1282 2535 aul
1307 2471 1395 2545 οούτὸς
1415 2469 1475 2550 θ’τι,

212 2589 245 2665 ἢν
275 2590 432 2673 aaaron„
438 2639 532 2667 .....
567 2593 669 2656 πείσει.
715 2590 743 2654 Β
775 2594 860 2654 certe
891 2586 1123 2671 significantius
1146 2589 1226 2657 dixit
1248 2609 1307 2673 per
1329 2593 1477 2676 conjunc·

209 2709 329 2774 tionem
360 2708 409 2784 dv:
442 2708 536 2773 modo
564 2705 687 2772 Ioniam
719 2706 815 2772 adeat
836 2712 873 2772 ut
896 2725 1002 2772 rerum
1025 2706 1070 2772 ibi
1092 2708 1243 2791 potiatur.
1289 2708 1362 2775 Hac
1384 2711 1419 2776 in
1442 2731 1475 2776 re

210 2848 281 2893 cum
304 2826 332 2890 B
354 2825 433 2892 lacit
457 2825 568 2891 Valla:
597 2831 649 2907 „et
672 2845 706 2890 se
730 2825 764 2889 si
786 2823 911 2889 Ioniam
927 2824 1043 2908 adeat,
1067 2824 1162 2891 facile
1180 2827 1282 2893 socios
1298 2827 1472 2896 Athenien·

210 2946 291 3011 sium
315 2945 460 3011 civitates
484 2944 526 3010 ad
550 2943 761 3010 defectionem
784 2942 1022 3010 inducturum.''
1057 2943 1147 3021 Quod
1172 2950 1279 3012 autem
1303 2947 1419 3012 attinet
1434 2946 1476 3013 ad

211 3063 382 3141 ἔτι-τείσει,
416 3063 546 3129 dubium
577 3068 678 3130 restat
707 3084 814 3129 annon
845 3061 1101 3147 anteponendum
1134 3063 1176 3129 sit
1203 3064 1369 3149 vulgatae,
1393 3085 1476 3149 quae

209 3183 323 3249 saltem
346 3182 424 3249 ferri
446 3186 562 3266 potest.

253 3299 337 3365 Ibid.
361 3299 453 3383 Vulg.
477 3300 572 3376 λέγων
595 3296 760 3373 οὶσθένειοιν,
786 3298 812 3361 Β
835 3297 960 3362 inverso
985 3297 1104 3362 ordine.

251 3417 333 3484 Ibid.
369 3418 463 3503 Vulg.
498 3419 663 3498 πιστότερον
693 3417 753 3497 γὰρ
776 3417 874 3481 ἄλλων
905 3418 1077 3498 Φονεῖσθοιι,
1102 3429 1124 3481 Β
1150 3417 1357 3498 πιστότερος
1381 3419 1473 3485 unice

208 3559 327 3605 verum.
365 3536 459 3603 Valla
484 3558 578 3617 „nam
602 3537 663 3602 sibi
685 3542 814 3621 praeter
837 3541 980 3602 caeteros
1004 3534 1099 3602 fidem
1123 3537 1209 3620 apud
1232 3535 1305 3602 illos
1329 3535 1428 3603 forc.”

250 3775 355 3861 Caput
379 3777 432 3844 13.
462 3774 486 3866 ξ
512 3777 541 3841 1.
577 3775 670 3859 Vulg.
700 3772 898 3855 οὲνεκομθζοντο
912 3821 919 3836 .
935 3821 942 3837 .
957 3822 986 3838 ..
1019 3774 1067 3838 aul
1102 3774 1137 3837 al
1168 3773 1228 3838 οὶπὸ
1260 3783 1312 3848 τῆς
1333 3774 1474 3850 Σικελθοος

205 3895 436 3970 Πελοποννησίων
460 3894 614 3960 {assarna
639 3899 712 3966 νῆες.
743 3891 884 3970 Quarum
907 3890 1035 3957 navium
1057 3912 1224 3958 numerum
1247 3913 1319 3959 cum
1343 3915 1384 3960 ox
1409 3895 1472 3980 VI,

236 4193 265 4256 l)
282 4193 314 4243 cl.
331 4192 411 4242 Class.
429 4189 509 4255 prael.
525 4189 544 4238 l.
561 4185 632 4236 VIII.
650 4201 707 4251 pag.
727 4183 799 4234 XXI.

235 4287 264 4351 Β)
287 4288 319 4337 cl.
341 4303 365 4337 c.
389 4285 419 4336 15
442 4285 551 4349 §lata
575 4282 643 4336 xtra,
666 4280 709 4330 vbi
732 4280 822 4329 eodem
842 4277 904 4340 jure
927 4281 1127 4342 expectaremus
1154 4279 1194 4328 θτι
1216 4279 1381 4343 ἀφέστηκεν,’
1402 4289 1472 4350 quod

203 4383 338 4446 proposuit
355 4382 562 4443 Herwerdenus‚
583 4391 626 4428 me
641 4375 659 4404 ³·
831 4388 835 4404 ¹
856 4374 898 4425 vix
913 4377 994 4426 recte.
