3098 4988
681 323 723 388 67

68 561 150 642 104,
176 563 193 627 1
219 566 251 628 eb
274 561 351 650 Vn,
378 563 407 646 7,
436 567 451 627 1
477 563 733 648 cognoverimus,
764 582 829 628 nou
861 560 1042 627 faciendum
1065 566 1115 627 est
1138 581 1210 626 curn
1232 559 1278 639 B,
1301 559 1335 624 iu

67 702 131 765 quo
154 682 186 746 αἱ
211 687 260 748 est
282 670 444 749 omissunr.
490 681 585 749 Valla
609 682 688 747 nihil
711 682 813 748 docet.

110 800 193 867 lbid.
228 801 320 886 Vulg.
355 801 644 881 ξυμπολεμνίσασαι,
671 816 693 868 Β
717 802 1033 881 ξυμδιασολεμνίσασαν
1061 799 1243 866 accuratius
1270 798 1334 864 dic-

65 926 149 985 tum:
173 918 260 986 haud
283 926 392 987 temen
415 922 481 988 scio
506 943 615 989 ennon
640 921 804 1006 scriptoris
827 920 928 1006 ipsius
952 920 995 986 sit
1022 939 1134 985 manus
1153 919 1190 1003 ¹).
1224 917 1333 984 Valla:

68 1044 162 1122 „post
185 1044 311 1123 gestum
334 1040 400 1106 illic
424 1041 635 1107 communiter
657 1039 808 1106 bellum.'’

109 1155 189 1222 Ibid.
225 1155 318 1242 Vulg.
341 1161 581 1242 ιὶσιλνφίεῑσαι,
605 1164 643 1225 ut
666 1159 777 1225 Valla:
805 1153 1069 1243 ‚,deprehensae.''
1103 1155 1238 1220 Bmsle
1260 1155 1334 1218 νίσο-

62 1278 242 1357 λενφίεῖσαν.

110 1545 217 1629 Caput
242 1545 283 1609 14
298 1542 322 1634 ξ
339 1545 370 1613 2.
395 1545 488 1632 Vulg.
513 1545 563 1610 καὶ
587 1545 788 1624 λεγομένων
815 1542 925 1629 λόγων,
950 1555 972 1607 Β
995 1542 1192 1618 γενομένων
1208 1539 1334 1626 elegan-

63 1663 137 1728 tius.
173 1662 281 1729 Valla:
309 1660 501 1741 „Chalcideo
525 1668 557 1730 et
579 1663 747 1730 Alcibiade
771 1663 960 1729 dicentibus.

111 1779 136 1871 ξ
160 1784 189 1847 3.
214 1782 306 1866 Vulg.
330 1782 486 1859 διαβάντες
510 1781 535 1847 δ’
560 1783 659 1858 εὐθὺς,
684 1780 1036 1866 Βρσοσε1111ο1δὲ,
1060 1779 1147 1863 quod
1163 1779 1334 1846 Classenus

65 1898 227 1965 defendite
251 1925 300 1985 σε,
329 1899 388 1966 das
413 1899 487 1965 Vct.
513 1905 593 1967 stett
616 1902 645 1966 δὲ
667 1900 783 1985 bietet,
806 1900 895 1967 febre
919 1900 970 1966 die
992 1898 1220 1966 unmittelbare
1238 1899 1335 1985 Fulge

65 2019 122 2085 des
147 2017 437 2104 Voraufgehcnden
470 2018 550 2086 ein.’'
597 2020 688 2098 Quod
720 2026 826 2087 eutem
850 2021 1008 2086 sinerum
1032 2024 1096 2097 est,
1122 2018 1275 2103 sequitur,
1297 2024 1335 2085 ut

64 2136 203 2204 libenter
235 2157 402 2203 careamus
434 2138 533 2215 εὐθύς,
558 2138 647 2222 quod
671 2159 782 2204 revere
805 2159 870 2204 nou
896 2138 975 2203 sidit
990 2137 1098 2204 Valla:
1136 2137 1202 2218 „Et
1229 2137 1335 2205 cuncti

66 2255 259 2323 Clazomenii
281 2257 477 2342 transgressi
500 2257 534 2322 in
558 2254 801 2338 continentem'’,
822 2277 898 2324 voce
916 2255 1061 2342 „cuncti”
1077 2261 1184 2323 autern
1200 2256 1333 2322 cursivis

65 2396 220 2461 expresse
242 2375 365 2442 litteris.

109 2493 191 2560 Ibid.
215 2494 310 2579 Vulg.
334 2493 445 2567 πάντες
470 2496 498 2559 ἐν
521 2497 688 2578 τειχισμῷ,
711 2507 733 2559 Β
757 2495 785 2557 ἐν
808 2497 953 2577 τειχισμῷ
976 2518 1009 2559 σε
1025 2518 1144 2566 παντες.
1174 2493 1256 2572 Quid
1273 2493 1334 2559 sibi

64 2613 140 2679 velit
162 2637 212 2692 σε,
237 2634 257 2678 a
280 2611 377 2678 Valla
401 2613 595 2697 neglectum,
620 2633 685 2678 uon
709 2611 808 2678 video.

109 2870 215 2964 Caput
241 2880 281 2944 15
304 2877 329 2969 ξ
354 2880 382 2945 1.
414 2878 504 2963 Vulg.
529 2885 581 2951 τῆς
605 2878 750 2956 μεγίστης
772 2879 884 2952 πόλεως
908 2879 1187 2956 μείεστνκνίας,
1213 2900 1253 2945 ex
1273 2901 1333 2946 usu

63 2999 228 3083 scriptoris
253 2998 373 3064 dictum
392 2998 429 3080 2),
453 2999 479 3062 B
496 2998 764 3080 ἀφεστηκυίας,
782 2998 868 3082 quod
879 2998 1001 3065 inutilis
1014 2999 1215 3084 conjecturae
1232 2998 1333 3064 simile

66 3140 136 3185 esse
161 3117 287 3184 videtur
310 3116 536 3183 Herwerdenc.
572 3116 669 3182 Vella
695 3123 788 3201 „post
811 3117 969 3183 maximae
991 3117 1079 3183 urbis
1101 3117 1332 3185 rebellionem.”

110 3232 190 3302 Ibid.
218 3234 308 3320 Vulg.
332 3235 539 3319 ἐψηφίσαντο.
556 3284 585 3301 ..
610 3241 679 3308 ναῦς
703 3243 828 3318 πληροῦν
851 3238 897 3313 μή
921 3237 1043 3314 ὀλίγας,
1067 3248 1089 3300 Β
1113 3238 1172 3301 οὐκ
1194 3234 1333 3302 fortusse

64 3356 192 3422 rectius

110 3473 192 3540 Ibid.
216 3474 308 3559 Vulg.
343 3473 581 3554 Στρομβιχῶνς,
617 3486 639 3538 Β
671 3473 909 3554 Στρομμνχίδνς,
942 3473 1102 3540 sollemnis
1134 3495 1234 3543 error.
1281 3473 1333 3541 Sic

66 3593 165 3660 etiam
189 3614 215 3660 c.
242 3593 301 3672 16,
326 3590 386 3672 30,
411 3592 463 3656 62.

112 3859 219 3944 Caput
252 3861 292 3926 16
316 3857 340 3949 ᾗ
366 3861 395 3925 1.
431 3859 523 3944 Vulg.
554 3860 604 3924 καί
628 3861 641 3924 ὁ
664 3860 749 3942 πεζὸς
772 3860 840 3938 ίίμα
863 3861 922 3925 καὶ
945 3862 958 3925 d
982 3865 1037 3926 τῶν
1060 3859 1260 3941 Κλαζομενίων
1283 3859 1332 3924 καὶ

64 3977 235 4060 Ἐρυθραίαν
258 3982 372 4062 παρῄει.
403 3979 441 4043 In
464 3979 490 4042 B
515 3978 607 4045 abest
629 3980 679 4044 καὶ
704 3979 858 4065 alterurn,
882 3979 979 4064 idque
995 3984 1089 4046 recte.
1113 3977 1224 4063 Neque
1237 3977 1334 4044 Velle

99 4288 127 4353 1)
147 4288 178 4339 cf.
196 4289 275 4353 praef.
293 4303 351 4353 pag.
369 4287 440 4338 11111.

101 4385 128 4450 Β)
147 4385 177 4436 cs.
196 4384 224 4448 1,
245 4383 305 4447 107,
324 4383 393 4447 11,
412 4383 451 4447 67,
470 4384 492 4435 1.
511 4384 539 4447 5,
558 4383 602 4448 29,
621 4384 644 4433 2.
