3098 4988
692 339 734 406 65

74 573 119 652 με’
126 598 184 649 ννς
207 597 228 642 a
256 573 378 642 Stahlio
402 595 467 642 non
490 579 662 660 receptum.
697 574 747 639 Ex
771 575 866 643 Valla
890 574 969 641 nihil
993 574 1175 660 proficitur:
1202 581 1347 662 „tempus

75 693 249 761 tererent’'.

121 811 204 879 Ibid.
227 811 318 899 Vulg.
342 813 475 896 ᾔσθοντο,
499 814 527 878 Β
551 815 668 882 rectius
692 815 856 898 ᾐσθάνοντο.

121 931 203 998 lbid.
236 933 471 1010 μᾶλλον-αὑτούς
495 933 602 1001 omisit
624 933 670 1019 B,
694 934 820 1020 injuria.

121 1048 146 1140 ξ
170 1052 201 1119 3.
240 1049 331 1135 Vulg.
362 1052 386 1116 οἱ
417 1050 443 1115 δ’
467 1052 559 1129 ὀλίγοι
589 1050 765 1132 ξυνειδότες,
798 1053 924 1121 Banlo
954 1054 1110 1132 ξυνειδότες
1141 1052 1256 1120 inserit
1278 1050 1330 1116 κοιί
1338 1101 1347 1135 ,

75 1191 143 1256 qua
166 1169 207 1237 de
232 1169 348 1254 copula
370 1170 543 1238 Classenus
567 1171 631 1240 sio:
655 1174 679 1237 ol
703 1174 794 1250 ὀλίγοι
817 1172 875 1238 aul
900 1172 1057 1250 ξυνειδότες
1081 1173 1140 1238 mit
1163 1172 1235 1239 dem
1257 1170 1348 1249 Vah,

74 1290 126 1355 aul
159 1288 243 1356 fehlt
272 1290 306 1354 in
337 1291 400 1357 den
430 1289 565 1374 librigen
595 1289 688 1377 Hsa,
720 1292 762 1357 ist
785 1290 863 1358 aber
886 1292 975 1359 nieht
998 1313 1037 1357 zu
1059 1290 1250 1358 entbehron:
1278 1288 1348 1369 „die

75 1431 117 1474 zu
140 1408 199 1475 der
223 1407 476 1494 eligarohisohen
499 1409 607 1476 Partei
631 1411 786 1496 gohdrten
809 1411 876 1478 und
899 1433 954 1477 um
976 1411 1029 1479 die
1052 1410 1156 1478 Saohe
1179 1404 1348 1474 wuesten'’.

77 1527 150 1594 Non
173 1529 306 1612 illepide
329 1549 407 1595 sane
431 1529 601 1613 explicatio
626 1538 677 1596 est
700 1550 803 1613 nequo
826 1535 933 1597 tamen
958 1551 1029 1597 eam
1045 1531 1079 1595 in
1094 1528 1227 1595 Graecis
1244 1528 1349 1593 inesse

77 1648 245 1725 existim03
270 1648 297 1714 si
320 1648 398 1732 quid
422 1649 541 1715 mutari
564 1648 654 1724 lieet,
677 1648 839 1733 vulgatam
865 1647 951 1714 huno
974 1648 1009 1713 in
1032 1647 1161 1714 modum
1177 1645 1347 1713 emendare

75 1766 189 1833 velim:
219 1767 243 1830 οἱ
276 1766 302 1830 δ’
334 1768 425 1845 ὀλίγοι
456 1769 480 1832 οἱ
508 1765 678 1847 ξυνειδότες,
710 1766 796 1851 quod
819 1765 909 1832 nulla
931 1766 996 1832 fere
1020 1765 1198 1832 mutatione
1221 1761 1348 1830 effioero

77 1905 259 1971 possumus.
308 1883 424 1953 Valla:
452 1905 609 1969 „quarum
632 1885 860 1951 mittendarum
883 1883 972 1951 luere
996 1883 1147 1950 authores
1171 1890 1238 1950 tum
1254 1881 1346 1948 multi

77 2025 187 2072 rorum
211 2005 406 2089 agitaturum
424 2005 542 2083 nescii,
565 2009 633 2071 tum
649 2004 758 2089 pauci,
780 2005 836 2088 qui
852 2002 913 2070 sibi
929 2008 1073 2070 aetorum
1089 2009 1181 2069 erant
1197 2000 1348 2068 oonsoii’'.

125 2242 236 2326 Caput
262 2241 304 2305 10
326 2237 350 2328 ξ
377 2241 407 2304 1.
431 2238 527 2325 Vulg.
551 2240 778 2318 ἕτνγγθλθοοοιν
794 2242 871 2318 γὰρ.
897 2238 923 2303 Β
947 2238 1039 2305 addit
1061 2239 1093 2303 οιὶ
1115 2238 1246 2324 οτονδοιί,
1264 2237 1350 2321 quod

79 2366 113 2427 et
135 2365 268 2446 proptor
290 2360 312 2425 l.
336 2357 375 2426 V.
400 2378 424 2424 o.
448 2359 491 2424 49
516 2364 536 2442 ξ
560 2360 581 2425 2
604 2361 801 2445 (ἐπηγγέλθαι
816 2411 823 2425 .
838 2411 845 2424 .
861 2407 891 2423 ..
919 2361 975 2431 τοὶς
999 2358 1139 2444 ττονδιίς)
1163 2362 1196 2424 et
1218 2362 1350 2442 propter

80 2479 239 2566 pluralem
272 2478 499 2558 ἐπηγγέλθησαν
529 2479 732 2564 probandum
756 2479 910 2564 arbitror,
934 2477 1083 2562 quodque
1107 2484 1139 2544 et
1162 2475 1256 2543 Valla
1279 2475 1350 2542 red·

80 2599 180 2665 didit:
209 2597 349 2680 „indicta
372 2599 457 2664 enim
480 2598 610 2666 fuerant
632 2597 764 2666 foedera
786 2597 910 2665 dierum
933 2596 1120 2664 lostorum.”

127 2715 210 2782 Ibid.
235 2714 325 2800 Vulg.
349 2723 580 2801 Κεγχρειῶν,Β
603 2723 768 2798 Κεγχρεῶν.

125 2833 150 2925 ξ
174 2837 203 2901 2.
228 2832 322 2920 Vulg.
352 2836 377 2900 οἱ
404 2838 644 2912 ’Λθςνοιῑοι....
676 2839 808 2914 ἕτῆγον
830 2839 859 2909 ἐς
883 2838 916 2902 rt
938 2835 1091 2918 τέλοιγος,
1115 2846 1137 2899 Β
1161 2833 1295 2910 ὑπῆγον
1317 2832 1350 2896 in

84 2975 149 3039 quo
180 2953 277 3020 verbo
307 2955 475 3038 aptissima
505 2956 590 3022 inest
619 2955 780 3023 sententia
801 2955 961 3022 illiciendi.
1007 2953 1101 3020 Valla
1123 2952 1150 3017 B
1175 2950 1349 3017 consentit:

62 3072 231 3154 ·‚‚ohviam
266 3081 378 3141 euntes
412 3073 625 3141 Athenienses
658 3075 797 3160 primum
828 3074 861 3139 in
889 3074 1024 3158 pelagus
1053 3071 1174 3139 hortem
1201 3069 1350 3155 (cursivo)

81 3193 341 3275 subducebant”;
374 3194 498 3264 fallitur
527 3200 635 3261 autem
665 3194 795 3262 verbum
827 3194 954 3272 θιτοθγειν
985 3193 1092 3259 activa
1119 3188 1350 3275 significatione

81 3333 254 3397 usurpans.

125 3428 150 3520 ξ
173 3433 205 3497 3.
230 3430 320 3517 Vulg.
346 3434 451 3506 αὐτοὺς
474 3438 580 3516 recte,
603 3432 631 3496 B
655 3434 765 3502 αὐτοῖς.
810 3429 905 3497 Valla
929 3429 1086 3497 consentit
1108 3428 1264 3514 vulgatae.

127 3667 234 3753 Caput
259 3671 298 3733 11
323 3669 347 3759 ξ
371 3671 402 3739 3.
428 3670 521 3754 Vulg.
546 3676 633 3736 reete
657 3669 858 3747 Ἀλκοιςοένει,
883 3681 904 3734 Β
929 3667 1110 3745 Ἀλκοιςοὲνο.
1141 3665 1252 3733 Valla:
1280 3663 1352 3744 „Al-

83 3784 239 3853 oameni.''

127 3904 211 3971 Ibid.
236 3906 328 3992 Vulg.
352 3907 544 3985 ἕβοθλοντο
567 3906 705 3986 stares,
729 3920 750 3972 Β
775 3904 1006 3984 ἐβουλεύοντο
1029 3903 1166 3981 πέμπειν.
1191 3902 1270 3969 Gum
1283 3902 1353 3986 jam

84 4022 188 4090 multo
220 4029 295 4090 ante
324 4025 570 4093 Lacedaemonii
601 4026 744 4109 ceperint
773 4023 941 4091 eonsilium
969 4021 1055 4089 chiis
1079 4019 1258 4106 opitulandi
1280 4040 1353 4085 oum

86 4141 231 4227 quinque
254 4145 388 4212 navibus
413 4145 584 4212 Chalciden
608 4145 705 4224 duee,
733 4145 863 4211 lectioni
885 4143 1035 4211 Vaticani
1057 4140 1241 4218 ἐβουλεύοντο
1263 4139 1353 4206 loeus

83 4275 134 4335 est
164 4261 285 4330 nullus.
331 4264 491 4351 Vulgatae
521 4263 697 4348 respondet
725 4261 837 4328 Valla:
870 4282 988 4347 „navos
1018 4260 1157 4345 quinque
1180 4258 1353 4325 mittendas

86 4392 325 4458 censuerunt
347 4386 518 4453 Ghaloideo
543 4382 657 4451 duoe.”
