3098 4988
691 291 790 368 -10

178 543 256 637 ξεί.
287 546 381 630 Vulg.
412 547 436 610 εί
465 545 511 609 δεῖ
539 550 645 628 σαφῶς
676 545 771 622 ὑμᾶς
802 543 912 616 είδίπας
943 544 1066 609 σοὶνίοίδε
1096 541 1328 621 βουλεύσασθαι.
1366 534 1406 611 In

133 680 155 733 Β
179 667 273 735 abest
295 670 391 746 ὑμᾶς,
422 686 487 751 quo
510 667 571 732 etsi
594 665 730 732 libenter
753 685 917 745 caremus,
945 668 1051 731 tomen
1075 685 1151 730 num
1175 664 1315 750 scriptor
1339 667 1413 752 ipse

132 807 242 854 vocem
272 785 432 870 omiserit,
465 784 585 852 dubito.
633 783 745 851 Vella:
777 784 829 863 „si
853 783 948 850 modo
972 783 1064 849 decet
1086 803 1142 850 vos
1166 782 1265 850 rebus
1288 787 1413 853 nostris

133 910 244 991 aperte
268 882 404 990 cognitis
427 903 639 971 deliberaret

178 1142 284 1228 Caput
317 1143 358 1208 15
388 1139 413 1232 ξ
446 1147 473 1208 l.
505 1141 600 1226 Vulg.
632 1140 729 1215 ἐπειδὴ
856 1143 889 1206 ἐκ
919 1140 1137 1214 Πελοποννήσου
1171 1138 1251 1214 ίίλλκ
1282 1144 1414 1222 σπραπιοδ

133 1261 318 1343 προσδόκιμος
350 1264 496 1345 αὐτοῖς,
529 1259 764 1338 βουλεύεσθε.
798 1272 916 1327 3....
947 1258 1154 1344 προσδόκιμος,
1189 1260 1294 1325 αιἰποί
1329 1260 1413 1337 βου·

135 1380 330 1445 λεύσαοίε.
375 1376 484 1445 Velle:
520 1398 638 1462 „quum
670 1377 753 1444 clius
785 1397 802 1442 e
832 1376 1052 1462 Peloponneso
1083 1377 1242 1444 exercitus
1274 1398 1413 1462 exspec-

133 1506 235 1579 tetur,
268 1495 483 1565 decemetis’'.
506 1496 556 1562 Ex
578 1496 666 1590 hisce
690 1495 770 1562 nihil
793 1494 964 1563 lucremur.
1013 1496 1105 1576 Quod
1128 1496 1172 1564 ed
1194 1499 1319 1564 veriam
1341 1499 1413 1566 lec·

133 1620 254 1687 tionem
292 1617 424 1694 attinet,
463 1636 582 1700 anceps
620 1614 748 1682 haereo.
795 1615 892 1683 Cuius
930 1617 1013 1682 enim
1052 1620 1103 1682 est
1137 1617 1312 1683 decernere
1348 1619 1415 1685 nisi

11 1732 14 1737 ’
133 1738 396 1805 Atheniensium?

179 1857 260 1923 Ibid.
283 1856 375 1941 Vulg.
407 1853 469 1930 ἐμοί
504 1855 539 1920 δὲ
572 1852 704 1935 διοίδοχίν
734 1878 801 1919 τινα
824 1867 845 1919 Β
871 1854 903 1919 σέ
926 1858 1028 1931 recte,
1062 1858 1095 1920 et
1116 1852 1228 1920 Vellet
1256 1856 1416 1934 „etmihi

135 1975 381 2045 successorem’'.
427 1972 575 2040 Vaticani
607 1972 723 2058 copule
757 1970 858 2056 megis
889 1991 929 2037 ex
960 1971 1126 2059 scriptoris
1157 1978 1208 2038 est
1240 1993 1301 2038 usu
1336 1981 1416 2059 post

134 2098 244 2184 priora
273 2093 429 2161 mandata
459 2092 555 2168 ἄλλην
586 2094 727 2175 σπροιπιοὶν
756 2092 798 2169 μὴ
832 2090 955 2156 ε’λοίσσιο
973 2090 1150 2169 ἐπιπέμπειν
1172 2092 1221 2156 καί
1245 2091 1336 2174 πεζὴν
1356 2095 1413 2160 καὶ

134 2216 288 2294 ναυτικὴν,
311 2212 361 2279 καί
384 2215 532 2295 χρήματα
552 2212 595 2290 μδ
612 2212 720 2296 ,ὀλίγα

179 2455 285 2541 Caput
310 2456 350 2521 16
373 2452 398 2544 ξ
425 2455 450 2519 l.
486 2452 577 2538 Vulg.
600 2451 742 2532 σπραπιοδν
766 2449 792 2516 δ’
816 2448 912 2525 ἄλλην
935 2451 1172 2531 ἐψηφίσανπο
1195 2450 1324 2528 πέμπειν
1346 2453 1411 2518 καί

135 2576 269 2648 ναυτικὴν
302 2574 351 2639 καί
387 2572 514 2654 πεζικήν.
551 2585 573 2638 Β
599 2617 674 2639 ....
706 2568 994 2650 ἐπεψηφίσαντο
1026 2570 1154 2648 πέμπειν
1185 2572 1322 2644 ναυτικὴν
1358 2572 1411 2636 καί

134 2693 232 2777 πεζήν.
269 2693 385 2759 Utrum
418 2691 552 2758 tolletur
582 2712 624 2758 cn
655 2689 794 2757 addetur
824 2690 914 2774 prius
938 2689 988 2754 καί
1011 2710 1126 2774 perum
1149 2689 1286 2755 interest
1307 2690 1410 2758 modo

135 2811 314 2880 scribamus
344 2809 433 2891 πεᾷρν
465 2830 536 2876 cum
568 2822 590 2875 Β
621 2809 655 2874 in
686 2829 749 2892 quo
780 2808 910 2875 verbum
934 2810 1143 2894 compositum
1166 2810 1411 2892 ἐπεψηφίσαντο,

134 2953 250 3018 perum
279 2930 321 2997 ab
345 2929 485 3013 antiquis
508 2927 718 3013 scriptoribus
742 2929 934 3007 stabilitum,
967 2934 1055 2996 certo
1078 2929 1195 2997 certius
1220 2929 1407 3015 relinquen·

136 3051 211 3116 dum
245 3055 294 3116 est
327 3047 498 3115 correctori
515 3048 551 3132 l).
597 3047 706 3114 Valla:
746 3047 862 3128 „elium
894 3068 1021 3133 quoque
1052 3049 1226 3116 exercitum
1250 3069 1409 3118 censuere

136 3167 328 3236 mittendum
351 3166 554 3233 nauticarum
576 3165 836 3252 pedestriumque
859 3167 1054 3252 copiarnm’'.

181 3283 205 3377 ξ
229 3288 258 3352 2.
282 3285 375 3371 Vulg.
399 3283 448 3350 καί
466 3260 521 3349 ’πδν
543 3284 597 3362 μὲν
613 3285 816 3366 Εὐρυμέδοντα
833 3271 844 3349 .”
857 3337 863 3350 .
878 3334 885 3349 .
902 3335 909 3350 .
926 3287 1149 3364 οίποπέμπουσιν
1165 3289 1193 3359 ἐς
1205 3289 1256 3362 τὴν
1268 3291 1412 3356 Σικελίαν

135 3409 217 3487 μεπδι
251 3405 321 3472 δέκα
355 3411 438 3491 νεῶν,
462 3403 593 3482 ’ἄγοντα
632 3401 747 3469 εἴκοσι
784 3403 923 3469 ποίλανπα
960 3405 1105 3486 epoptes.
1152 3404 1246 3473 Valla
1279 3412 1410 3476 eutem:

140 3527 260 3607 „Quem
284 3523 554 3609 Eurymedontem
579 3521 734 3589 demisere
758 3543 830 3589 cum
853 3523 987 3604 navibus
1012 3523 1139 3609 decem,
1163 3545 1299 3609 cumque
1324 3547 1412 3594 cen·

137 3651 216 3710 tum
238 3643 383 3729 viginti
406 3641 536 3709 talentis
560 3640 718 3727 argenti.''
765 3639 955 3728 Vulgatem,
980 3643 1032 3708 cui
1055 3644 1195 3710 concinit
1216 3643 1411 3728 Vaticanus,

138 3785 246 3832 verum
279 3783 447 3830 numerum
477 3760 598 3829 referre
628 3781 693 3827 non
724 3780 820 3845 posse
851 3760 937 3845 apud
961 3781 1071 3828 omnes
1096 3765 1232 3828 constat
1277 3763 1411 3831 Utcum-

138 3905 200 3969 que
232 3904 285 3950 res
318 3903 352 3949 se
384 3881 499 3967 hebet,
535 3880 629 3947 Valla
663 3879 814 3964 proprius
851 3877 977 3944 veritati
1011 3878 1137 3946 accedit
1172 3884 1205 3946 et
1238 3881 1412 3964 quominus

137 4004 408 4092 Eurymedontem
425 4008 522 4068 -ut
544 4000 774 4069 Herwerdenus
796 4000 868 4085 jure
892 3998 969 4063 mihi
993 3999 1117 4065 videtur
1141 3999 1323 4084 opineri-
1336 4022 1412 4069 cum

139 4131 266 4191 centum
296 4128 329 4191 et
351 4122 463 4208 viginti
486 4120 617 4187 talentis
638 4119 672 4184 in
697 4117 838 4185 Siciliam
861 4117 990 4184 missum
1014 4138 1085 4184 esse
1108 4123 1303 4199 statuamus,
1327 4119 1412 4188 nihil

171 4394 186 4449 1
205 4395 273 4447 conl.
291 4395 370 4462 prael.
387 4409 444 4462 pag.
462 4392 533 4446 Vlll.
