3098 4988
692 341 735 405 59

77 569 163 645 τοῦτο
197 581 385 646 mutandum
420 588 489 648 erat
522 582 555 645 in
590 581 637 645 διον
667 579 768 645 τοῦτο’.
794 582 835 646 Et
888 581 930 646 ad
959 577 1032 655 ἧσσον
1056 587 1225 662 προσφιλεῖς
1247 584 1279 644 et
1302 562 1344 645 ad

77 699 240 772 πιστεύσας
264 698 465 766 referendum
482 705 532 765 est
546 701 607 763 ἀνθ’
623 696 669 783 ὧν,
687 699 772 783 quod
788 699 960 784 respondet
977 700 1078 765 latino
1094 698 1344 784 „quapropter”.

123 819 206 887 Ibid.
238 819 331 906 Vulg.
363 826 406 898 μὴ
431 822 566 901 χρήμοιοι
590 820 696 892 πείσοος
719 818 818 895 τινοίς;
844 817 871 882 Β
899 817 1118 902 significanter
1141 825 1215 885 ante
1239 819 1346 891 πείσοις

77 939 170 1005 addit
192 939 236 1015 δή.
270 939 364 1006 Valla
386 941 420 1005 in
442 941 550 1023 parvis
573 940 654 1018 illis,
679 939 773 1022 quale
796 945 846 1005 est
869 939 919 1016 δή,
944 937 1107 1005 vocabulis
1129 937 1346 1021 exprimendis

77 1055 166 1122 haud
189 1078 340 1143 magnam
364 1058 472 1141 posuit
495 1078 637 1141 operam.

122 1174 207 1241 Ibid.
232 1174 326 1260 Vulg.
350 1175 504 1245 πείσοιντέο
528 1201 568 1238 τε
591 1175 657 1248 τοὺς
679 1174 870 1257 ξυμμοίχονς.
912 1174 1060 1260 Spurium
1085 1174 1233 1259 copulam
1255 1174 1347 1240 omit-

76 1299 151 1360 tunt
173 1293 200 1358 B
224 1298 256 1359 et
278 1292 382 1360 Valla.

122 1409 147 1500 ξ
178 1410 210 1476 5.
247 1410 340 1495 Vulg.
382 1411 428 1476 διον
459 1413 511 1485 πίεν
545 1416 647 1477 ποῖοοιν
682 1409 883 1488 νενομισμένην
918 1412 1115 1496 ἐπιτήδευσιν,
1155 1424 1177 1476 Β
1214 1411 1261 1475 διὰ
1295 1411 1347 1484 τὴν

77 1535 182 1596 ποῖσοιν
206 1533 239 1603 ἐς
262 1532 391 1612 οίρετξίιν
414 1531 613 1608 νενομισμένην
629 1531 819 1605 ἐπιτήδευσιν.
843 1530 1015 1598 Classenus
1030 1533 1064 1596 in
1081 1530 1346 1598 annotationibus

77 1649 199 1729 criticis
222 1649 263 1715 de
285 1648 400 1715 horum
423 1650 590 1716 verborum
615 1649 845 1734 significatione
868 1651 1030 1736 sapienter
1047 1652 1195 1718 disseruit
1210 1651 1348 1734 librique

78 1767 231 1834 Vaticani
261 1767 290 1839 ἐς
313 1768 416 1847 ἀρετὴν
438 1767 526 1832 haud
548 1766 677 1850 illepide
701 1767 853 1834 defendit.
899 1768 1032 1835 Praeter
1055 1770 1201 1836 scholion
1225 1768 1346 1835 addita·

77 1893 221 1953 mentum
263 1885 360 1951 etiam
394 1882 513 1970 probat
546 1883 660 1964 Valla,
700 1886 760 1952 etsi
790 1885 923 1952 liberius
961 1888 1069 1953 vertit:
1110 1888 1170 1968 „ob
1208 1888 1347 1953 studium

77 2005 205 2072 virtutis
235 2004 322 2089 quod
354 2026 447 2071 omne
476 2005 511 2070 in
544 2005 631 2070 illam
663 2004 876 2088 conferebat'’,
904 2005 977 2090 jure
1008 2005 1106 2071 etiam
1137 2006 1287 2073 omittens
1319 2009 1347 2079 ἐς

79 2129 113 2191 τὸ
136 2127 226 2207 θεῖον,
251 2122 336 2208 quod
360 2124 452 2209 vulgo
476 2129 552 2208 post
575 2124 775 2202 νενομισμένην
798 2123 924 2209 legitur.

122 2364 230 2448 Caput
253 2363 294 2429 87
329 2361 353 2452 ξ
379 2364 407 2428 l.
439 2361 532 2447 Vulg.
564 2365 593 2428 ἕν
623 2362 682 2442 νοίρ
713 2363 797 2445 κοίλῳ
830 2366 925 2444 χωρίῳ
947 2363 1032 2435 ὄντος
1057 2365 1201 2448 πολλοὺςς
1226 2364 1253 2429 Β
1276 2373 1350 2450 post

79 2483 164 2556 ὄντος
190 2483 290 2549 habet
312 2481 362 2547 κοί
386 2483 474 2562 ὀλίγῳ
499 2482 541 2547 ad
565 2484 755 2549 sententiam
780 2483 949 2568 aptissima
972 2490 1005 2550 et
1029 2483 1096 2549 sine
1113 2484 1209 2550 dubio
1227 2485 1351 2549 sincera

79 2602 193 2690 verba,
218 2622 302 2686 quae
325 2601 418 2668 Valla
442 2622 568 2686 quoque
591 2602 751 2669 reddidit:
787 2602 969 2688 „Siquidem
993 2623 1091 2687 quum
1115 2609 1164 2670 tot
1187 2611 1295 2671 essent
1315 2605 1350 2671 in

77 2723 148 2788 looo
173 2722 326 2806 depresso
350 2729 382 2786 et
405 2721 525 2787 aroto”.

122 2841 204 2908 Ibid.
229 2841 319 2927 Vulg.
344 2843 373 2914 ἐς
397 2840 554 2926 οέσίὲνειοιν,
581 2841 608 2906 B
625 2862 796 2926 perperam
814 2840 862 2906 ἐπ’
876 2843 1018 2924 seleseia.
1043 2841 1137 2908 Valla
1152 2844 1231 2908 nihil
1247 2844 1348 2909 dooet.

122 2959 146 3050 ξ
170 2962 200 3026 2.
235 2959 325 3045 Vulg.
357 2959 581 3039 ξοννεννμένισν,
610 2960 637 3025 Β
661 2981 809 3043 perverse
832 2959 1089 3040 ἔννενννενμένιον.
1137 2961 1229 3029 Valla
1255 2985 1348 3042 „coa-

77 3077 238 3145 cervata”.

120 3197 203 3264 Ibid.
227 3194 319 3280 Vulg.
344 3198 372 3260 ε’ν
400 3193 514 3274 τοιούτῳ
539 3196 641 3276 χωρίῳ,
665 3195 692 3259 Β
715 3200 752 3260 ut
774 3194 900 3262 videtur
920 3197 993 3281 jure
1010 3198 1038 3260 ἐν
1055 3199 1095 3276 τῷ
1111 3199 1226 3278 τοίοντῳ
1241 3201 1345 3280 χωρίῳ.

77 3314 241 3403 Artioulus
264 3318 397 3398 propter
413 3335 544 3397 prorsus
562 3315 755 3398 singularem
772 3316 969 3399 captivorum
987 3316 1206 3383 condicionem
1223 3316 1346 3384 Stahlio

74 3431 275 3500 necessarius
299 3453 370 3497 esse
393 3431 524 3496 videtur.
559 3430 655 3497 Valla
680 3432 733 3511 „in
756 3433 817 3499 hoo
839 3433 942 3501 looo'’.

119 3549 144 3640 ξ
167 3552 198 3616 3.
219 3551 246 3616 Β
269 3550 388 3637 injuria
411 3552 464 3624 μὲν
487 3549 626 3634 negligit.

119 3667 144 3759 ξ
168 3668 199 3734 4.
225 3667 316 3752 Vulg.
340 3668 510 3746 ἐνιήφίνσοιν
533 3667 557 3729 δ’
581 3668 605 3730 οἱ
628 3666 799 3743 ξύμπαντες
824 3677 927 3748 reete3
950 3670 1039 3736 locus
1063 3671 1147 3736 enim
1171 3673 1276 3738 nullus
1296 3678 1345 3738 est

75 3789 232 3857 vocabulo
255 3788 304 3853 aa}
329 3792 404 3853 ante
427 3787 451 3850 οἱ
474 3787 507 3851 in
531 3785 558 3850 B
581 3787 702 3852 inserto
727 3791 759 3851 et
782 3808 802 3852 a
826 3786 923 3852 Valle
946 3788 1100 3871 neglecto.

118 3906 201 3972 Ibid.
225 3904 315 3989 Vulg.
338 3904 473 3984 ἀκριβείᾳ
496 3906 549 3979 μὲν
571 3906 707 3983 χαλεπὸν
730 3903 867 3979 ἐξειπεῖν,
895 3917 917 3968 Β
938 3906 1038 3970 εἰπεῖν.
1070 3904 1181 3971 Valla:
1208 3911 1341 3985 „exacte

73 4025 181 4091 dicere
203 4022 371 4090 arduum’'.
