3098 4988
737 295 802 360 116

133 528 203 597 ὶκεὶι
225 528 309 595 ἀλλὰ
332 531 401 610 πρὸς
423 535 465 613 τῷ
487 533 582 609 >auin
604 533 698 607 ὄντος.
724 549 746 602 Β
769 540 804 621 ἧ,
829 536 916 620 quod
939 536 1124 621 nentiquam
1148 537 1302 622 quadrat.
1344 537 1406 604 rat

134 652 299 735 quaestio,
327 652 485 734 difficilis,
515 663 549 722 et
571 657 622 722 eui
645 677 833 742 responsum
856 658 909 724 vix
930 658 1096 724 inventum
1116 658 1160 723 iri
1181 659 1300 736 credo,
1322 658 1407 725 sitne

134 772 336 839 retinendum
360 775 377 850 ἦ
400 795 443 841 an
459 796 531 841 cum
547 777 722 844 scholiasta
737 778 922 846 tollendum
957 780 1131 864 Vulgatam
1146 784 1243 846 acute
1257 779 1407 846 defendit

134 890 306 960 Ulln‘chius
328 895 390 960 dul
411 900 468 959 σῶν
490 900 636 975 πολεμίων
658 899 839 984 intelligens
862 900 902 967 de
925 899 1201 979 lacedaemoniis,
1217 898 1277 984 qui
1291 899 1339 979 D,
1355 919 1407 964 ce·

132 1010 204 1078 leae
226 1019 320 1080 erent
341 1034 414 1084 cum
437 1015 538 1101 Agide
561 1037 655 1101 rege,
677 1038 750 1084 cum
770 1017 840 1090 ἴδιος
862 1019 991 1096 πόλεμον
1015 1018 1155 1103 accipiat
1170 1017 1406 1085 defectionum

134 1131 168 1197 in
191 1132 270 1199 urbe
286 1134 476 1214 certamine,
500 1155 636 1220 quarum
656 1137 760 1204 altera
779 1137 997 1224 adjuvabatur
1011 1137 1053 1204 ab
1069 1137 1297 1222 Agesandrida
1308 1135 1409 1221 Spar·

135 1250 233 1331 tiata;
268 1251 379 1338 itaque
412 1253 460 1319 vir
494 1254 608 1320 doctus
642 1257 835 1322 seutentiam
869 1256 954 1322 hunc
987 1256 1022 1321 in
1055 1254 1186 1321 modum
1222 1255 1408 1322 constiutit:

138 1370 229 1449 „weil
251 1371 309 1439 der
332 1373 442 1458 eigana
464 1372 563 1460 Κεῖος
584 1373 802 1440 bedentender
825 1376 890 1454 sei,
915 1375 964 1441 als
987 1375 1045 1441 der
1067 1395 1129 1442 von
1147 1374 1288 1441 Feindes
1303 1374 1407 1455 Seite,

136 1490 201 1557 und
226 1491 315 1558 nicht
336 1492 424 1573 iero,
449 1494 587 1560 sonslern
611 1494 665 1561 bei
687 1495 760 1562 dem
784 1495 891 1565 Halen
914 1495 1120 1564 stattfande.''

181 1612 269 1690 Quae
293 1612 353 1680 hoc
376 1612 417 1679 de
440 1613 512 1680 loco
535 1634 556 1680 a
578 1614 657 1682 vin’s
681 1615 783 1684 doctis
808 1621 884 1682 sunt
905 1616 1034 1701 prolata
1052 1616 1234 1682 luculenter
1249 1617 1408 1700 disposita

135 1732 339 1799 inveniuntur
362 1733 395 1800 in
418 1733 565 1801 Classem
588 1737 765 1821 appendice
788 1737 911 1803 critica.
948 1736 1045 1803 Valle
1067 1736 1228 1803 consentit
1241 1735 1406 1821 vulgatae:

140 1858 314 1936 „tanquam
336 1850 455 1918 bellum
479 1853 688 1920 domesticum
711 1855 816 1940 majus
832 1875 931 1939 quam
946 1853 1080 1939 hostile,
1103 1874 1163 1920 nec
1177 1852 1405 1938 longinquum,

137 1973 192 2040 sel
215 1978 289 2040 ente
313 1977 441 2058 portum
464 1972 576 2042 esset.”

180 2209 287 2297 Caput
310 2211 354 2276 95
376 2208 401 2301 ξ
424 2213 456 2281 2.
481 2212 572 2299 Vulg.
596 2215 659 2294 περὶ
682 2220 733 2280 τοῦ
749 2217 893 2291 μεγίστου
909 2212 1079 2291 βονλᾶριενοι
1095 2216 1123 2279 ἐν
1138 2213 1230 2295 πάχει
1244 2214 1403 2291 βοηθῆσσιρ

137 2450 250 2519 melius
262 2453 356 2539 juxta
371 2453 400 2517 ἐν
415 2453 524 2535 πάχει,
542 2455 593 2520 cui
608 2455 796 2540 opponitur,
812 2454 917 2521 locum
934 2453 1067 2521 obtinet.
1094 2453 1282 2520 Perversum
1300 2457 1404 2518 autem

137 2570 244 2648 βοῆσαι
268 2570 393 2641 scribae
416 2577 464 2640 est
487 2572 719 2660 imputandum.
753 2572 866 2640 Valla:
890 2593 1026 2658 „magno
1045 2571 1220 2638 discrimini
1236 2589 1403 2637 occurrere

137 2689 338 2760 testinante.”

182 2810 206 2903 ᾖ
230 2814 258 2879 3.
285 2812 376 2895 Vulg.
399 2810 435 2878 ὧν
458 2812 640 2893 ἀφικομένων
662 2811 714 2890 ξὺν
732 2820 800 2886 τοῖς
823 2813 955 2894 πρότερον
978 2816 1006 2878 ἐν
1029 2813 1166 2895 Εὔβοιον
1187 2812 1288 2886 οὔσοιις
1309 2810 1343 2890 ἓξ
1357 2810 1404 2877 καὶ

137 2934 293 3017 πρινιονσοι
315 2933 454 3010 ἐγένοντο.
495 2932 521 2997 Β
545 2955 616 3000 cum
641 2934 712 3001 aliis
738 2934 830 3001 libris
853 2933 1046 3018 quibusdam
1069 2935 1099 3006 ἐς
1122 2931 1297 3012 Εὔβοιον,
1320 2929 1404 3016 quod

140 3054 331 3123 sententiam
356 3052 532 3141 perturbat.
569 3052 660 3120 Valla
675 3059 777 3121 recte:
805 3075 896 3134 „cum
912 3053 969 3139 iis,
991 3052 1123 3137 quaein
1139 3051 1272 3118 Euboea
1287 3046 1405 3118 erant''

186 3173 263 3241 lbid.
288 3172 379 3261 ang.
402 3176 541 3254 tetanos
565 3177 620 3249 τὰς
641 3182 728 3254 anim
752 3187 773 3240 Β
796 3177 906 3260 ἀνῆγε,
930 3179 1016 3240 recte
1038 3172 1260 3258 imperfectum
1284 3171 1326 3237 de
1341 3189 1406 3236 cer·

138 3294 259 3363 tamine
293 3294 423 3363 ineunte
458 3299 640 3382 usurpatur.
687 3294 739 3361 Sic
774 3292 885 3360 Valla:
924 3314 1019 3374 „nam
1048 3288 1312 3378 Hegesandridas
1339 3289 1406 3376 jam

138 3434 276 3502 precisus
299 3414 340 3483 ab
365 3414 473 3502 Oropo
496 3415 632 3482 classem
655 3410 818 3480 ducebat.”

183 3532 263 3603 lbid.
286 3532 376 3621 Vulg.
401 3534 577 3620 Ἐρετριέων,
600 3534 672 3601 vat.
695 3535 852 3615 Ἐρετριῶν.

183 3651 208 3744 ξ
231 3653 260 3721 4.
295 3652 440 3741 Scriptor
462 3657 574 3721 narrat
594 3652 805 3719 Athenienses
825 3650 867 3717 ad
883 3649 1003 3717 bellum
1020 3653 1133 3714 contra
1147 3645 1407 3731 Agesandridam

139 3773 296 3843 llrotriem
328 3773 507 3862 proiectos,
540 3774 674 3841 mercaii
704 3773 826 3840 cibaria
856 3794 921 3840 non
951 3772 984 3837 in
1015 3769 1085 3835 foro
1118 3769 1174 3835 sed
1204 3769 1239 3834 in
1263 3774 1408 3834 extrema

140 3892 305 3961 inchoasse
322 3897 450 3960 coactos
467 3892 507 3959 ab
524 3892 774 3970 Eretriensibus,
792 3914 812 3958 a
829 3890 944 3976 quibus
960 3888 1019 3953 alab
1036 3888 1164 3968 apotolos
1180 3885 1262 3953 nihil
1276 3886 1409 3953 venibat

139 4012 212 4088 iant
241 4024 339 4097 σχολῇ
369 4014 569 4095 πληρουμένων
598 4012 743 4097 potesne
765 4013 790 4080 οἱ
813 4013 943 4088 πολέμιοι
965 4005 1175 4086 προσπεσόντες
1198 4005 1248 4070 aa>
1271 4005 1408 4083 οὶνοογκοὶ·

139 4160 219 4201 σειοον
250 4138 315 4210 τοὺς
347 4136 512 4213 ’Λθννοιίονρ
543 4133 630 4207 οὕτως
661 4131 737 4205 ὅπως
772 4133 889 4212 τύχοιεν
920 4126 1092 4204 dedocuisti.
1140 4124 1288 4210 Apparet
1310 4127 1410 4211 igitur

141 4260 173 4326 ni
196 4256 291 4326 lallor
315 4256 483 4324 verborum
508 4254 652 4323 ordinem
677 4274 746 4320 esse
763 4251 943 4334 turbatum3
965 4245 1082 4312 etenim
1097 4245 1175 4310 οὐδὲν
1190 4245 1251 4325 γὰρ
1267 4248 1410 4312 ἐποιεῖτο

139 4379 200 4446 aare
230 4378 359 4453 προνοίαις
391 4383 447 4441 πῶν
479 4373 626 4454 Ἐρετριῶν
657 4379 732 4439 ante
759 4369 833 4440 ὅπως
857 4374 955 4448 σχολῇ
978 4364 1084 4431 locum
1107 4361 1255 4430 obtineat
1278 4385 1412 4433 necesso
