3098 4988
788 340 852 410 108

233 587 340 670 Caput
363 585 406 649 84
429 587 495 668 51.
519 584 611 670 Vulg.
640 592 695 649 τῶν
717 586 794 665 γαρ
820 587 1000 663 Συρακοσίαν
1023 584 1072 648 καὶ
1097 584 1218 663 Θουρίων
1242 579 1297 662 dep
1319 580 1462 658 μάλιστα

187 707 236 771 καὶ
268 705 403 785 ἐλεύθεροι
427 703 500 780 ἦσαν
523 705 555 769 τὸ
581 707 687 777 πλῆθος
710 706 733 768 οἱ
759 711 881 778 ναῦται,
914 703 1038 785 τοσούτῳ
1061 704 1112 769 καὶ
1136 704 1307 784 θρασύτατα
1332 724 1461 782 τροσπε·

187 827 285 896 σοντες
315 825 364 888 τὸν
390 824 489 900 μισθὸν
512 825 653 906 οὶτῄτουν.
689 836 711 889 Β
736 824 764 888 δὲ
788 844 848 908 pro
871 825 940 906 γαρ.
977 823 1011 890 Si
1035 822 1229 891 conferimus
1254 820 1400 899 Vallem,
1426 819 1461 885 in

188 945 278 1011 cuius
309 943 577 1027 interpretatione
614 962 741 1027 quoque
776 944 866 1011 deest
896 943 975 1028 γὰρ,
1011 942 1209 1027 adducimur,
1241 945 1277 1007 ut
1299 941 1326 1006 B
1349 960 1462 1005 veram

188 1062 354 1147 scriptoris
377 1082 507 1127 manum
532 1061 685 1146 praebere
701 1063 885 1142 credamus,
909 1062 1100 1148 praesertim
1117 1082 1209 1145 oum,
1233 1064 1269 1126 ut
1284 1059 1463 1127 Classenus

189 1183 340 1268 adnotat,
365 1189 439 1266 post
462 1181 570 1247 τοιόσδε
594 1181 787 1266 particulam
807 1183 867 1261 γὰρ
883 1182 1004 1248 addere
1019 1185 1128 1249 noster
1144 1201 1209 1246 non
1226 1179 1338 1246 soleat.
1364 1176 1463 1242 Valla

190 1301 274 1366 anim
306 1300 369 1366 sic:
403 1297 580 1380 „conflatus
612 1305 661 1366 est
691 1300 822 1384 quidam
854 1301 887 1366 in
920 1301 1115 1386 Astyochum
1137 1297 1293 1364 tumultus
1317 1296 1404 1361 hunc
1427 1295 1464 1361 in

190 1419 337 1486 modum:
374 1418 647 1506 Syracusanorum
675 1424 794 1485 nautae
818 1419 1113 1503 Thurinorumque,
1138 1438 1202 1502 quo
1226 1415 1358 1481 liberior
1381 1413 1465 1480 mul-

189 1539 294 1605 titudo
318 1544 404 1618 erat,
428 1536 577 1604 licentius
601 1537 778 1623 ingruentis
802 1537 995 1622 stipendium
1019 1534 1260 1622 repoposcere’'.

236 1657 315 1749 ἓὸ.
347 1656 438 1742 Vuig.
468 1657 493 1721 οἱ
525 1657 553 1720 δὲ
584 1659 721 1732 Μιλήσιοι
754 1656 906 1738 ὠργίζοντό
935 1683 968 1723 τε
993 1659 1072 1738 αὐτῷ
1096 1657 1145 1722 καὶ
1169 1654 1228 1721 διὰ
1252 1651 1464 1720 caducarii

192 1779 231 1843 δι’
268 1777 370 1842 ἄλλα
404 1776 615 1858 τοιουτότροπα.
649 1790 671 1843 Β
702 1777 758 1843 διαὶ
791 1784 911 1843 ταῦτα
945 1777 1007 1842 καὶ
1042 1776 1161 1862 ἄλλα,
1190 1775 1276 1860 quod
1298 1773 1420 1860 injuria
1444 1793 1466 1838 a

192 1897 345 1964 Classeno
377 1901 541 1980 receptum
565 1917 635 1963 esse
658 1896 777 1981 probat
799 1896 1051 1965 Herwerdenus:
1088 1898 1158 1984 „aui
1181 1898 1265 1961 data
1287 1893 1333 1972 B,
1356 1897 1466 1968 recte,

194 2017 222 2083 si
252 2016 340 2100 prius
373 2015 422 2080 καὶ
456 2015 601 2101 abesset,
633 2020 670 2081 ut
694 2016 753 2102 75,
781 2019 817 2103 1,
850 2017 905 2084 sad
937 2029 979 2083 ΔΙ
1010 2016 1104 2084 facile
1127 2014 1254 2084 excedit
1276 2018 1350 2099 post
1372 2008 1466 2078 αΑΙ”.

194 2136 344 2212 Accedit,
369 2140 405 2201 ut
429 2157 454 2202 c.
479 2135 520 2200 87
545 2137 601 2218 ἕρ
628 2135 804 2202 Vaticanus
826 2135 912 2202 idem
935 2135 983 2200 δια
1006 2135 1179 2201 iteraverit.
1225 2131 1313 2198 Nihil
1337 2135 1424 2197 certe
1449 2150 1470 2197 e

198 2254 313 2321 Vallae
345 2253 610 2338 interpretatione
640 2254 743 2319 latina
775 2252 889 2321 deduci
913 2275 1007 2339 posse
1030 2253 1195 2320 existimo:
1228 2249 1291 2337 „ob
1315 2250 1397 2315 haec
1420 2247 1472 2314 illi

199 2383 232 2441 et
255 2372 320 2440 ulia
343 2371 525 2438 huiusmodi
549 2372 801 2439 succensentes.''

243 2611 349 2697 Caput
372 2609 415 2676 85
446 2612 520 2690 §L
548 2611 638 2696 Vulg.
673 2609 741 2693 πρός
769 2636 804 2677 τε
835 2610 884 2676 τὸν
915 2609 1120 2691 Ἀστύοχον
1153 2607 1212 2674 καὶ
1244 2607 1304 2672 τὸν
1334 2614 1473 2672 Τισσα·

198 2733 321 2814 Φὲρνη.
356 2742 470 2796 Β....
493 2730 733 2812 Τισσαφέρνη
769 2729 829 2794 καὶ
865 2730 1184 2814 τὸνἋστύοχον,
1217 2727 1268 2794 cui
1295 2726 1473 2793 assentitur

201 2850 313 2917 Valla:
351 2849 454 2928 „inter
488 2849 575 2934 ipsos
606 2848 920 2934 Tissaphernemque
957 2857 990 2916 et
1025 2845 1248 2936 Astyochum''.
1293 2847 1473 2914 Personam

200 2968 386 3055 primariam
411 2966 549 3052 priorem
572 2966 678 3033 locum
701 2966 845 3034 obtinere
867 2967 948 3034 nihil
970 2968 1132 3035 miramur.

247 3088 327 3153 Ibid.
351 3086 444 3171 Vulg.
468 3085 600 3166 διάδοχος
624 3095 676 3162 τῆς
700 3079 867 3168 Ἀστυόχου
891 3089 1108 3170 ναυαρχίας.
1131 3088 1158 3153 Β
1182 3087 1297 3153 iterum
1321 3105 1473 3171 perverse

202 3205 385 3287 ναυμαχίας.
402 3204 442 3270 cf.
458 3225 484 3270 c.
500 3205 553 3270 20.
576 3202 670 3271 Valla
685 3211 790 3272 recte:
814 3206 1097 3293 „nauarchiaeque
1113 3205 1254 3291 suscepit
1268 3203 1474 3290 imperium”.

247 3324 271 3416 ξ
295 3327 326 3394 2.
351 3324 444 3408 Vulg.
468 3326 779 3407 κατηγορήσοντα.
798 3339 820 3392 Β
839 3329 1152 3406 κατηγορήσαντα
1168 3326 1264 3406 falsO,
1279 3330 1316 3391 ut
1333 3344 1473 3409 sequens

202 3444 455 3522 ἀπολογησόμενον
479 3443 583 3510 decet.
629 3442 724 3511 Valla
747 3450 850 3513 recte:
878 3452 965 3527 „tum
989 3445 1031 3514 ad
1058 3446 1306 3513 insimulandum
1331 3443 1474 3511 Milesio·

203 3590 273 3635 rum
299 3568 419 3632 factum
535 3571 603 3631 tum
626 3564 670 3630 ad
693 3586 727 3632 ee
749 3565 980 3652 purgandum''.

247 3687 328 3757 Ibid.
354 3685 445 3770 Vulg.
478 3686 525 3750 ἐπὶ
548 3684 687 3769 καταβοῇ
715 3695 751 3768 τῇ
776 3687 882 3763 αὑτοῦ;
906 3685 934 3752 Β
958 3691 989 3753 et
1012 3688 1089 3773 Reg.
1111 3690 1198 3754 recte
1221 3686 1335 3752 ἑαυτοῦ.
1359 3684 1472 3753 Valla:

206 3807 287 3889 „sui
310 3805 528 3873 succlamandi
550 3805 689 3891 gratia'’.

248 3924 324 4016 §d
355 3924 446 4010 vulg.
478 3923 665 4008 Φυγόντος
697 3927 728 3990 ἐκ
762 3932 950 4007 Συρακουσῶν
973 3933 1023 3993 τοῦ
1048 3926 1264 4007 Ἑρμοκράτους.
1300 3936 1322 3989 Β
1347 3923 1476 4006 διαφυ-

204 4047 352 4128 γόντος,
382 4043 469 4128 quod
492 4043 621 4110 verbum
646 4043 686 4109 de
709 4043 918 4113 Hermocrate
942 4046 1034 4112 exule
1058 4044 1111 4130 (ef.
1134 4045 1214 4112 Xen.
1237 4045 1323 4112 Hell.
1350 4047 1379 4123 1,
1404 4045 1474 4130 27.)

204 4165 355 4251 usurpari
378 4185 443 4231 non
466 4169 582 4249 potest.
629 4163 739 4232 Valla:
766 4164 952 4252 „Syracusis
976 4164 1168 4232 extorrem”.

249 4284 331 4351 Ibid.
356 4284 447 4371 Vulg.
472 4287 485 4351 ὁ
508 4286 731 4367 Τισσαφέρνης,
758 4286 771 4350 ὁ
794 4284 913 4352 omittit
935 4283 982 4364 B,
1005 4284 1040 4351 in
1064 4306 1128 4370 quo
1151 4292 1260 4353 tamen
1274 4286 1373 4373 paulo
1388 4284 1475 4353 infra

206 4410 281 4477 ante
303 4405 501 4487 Ἑρμοκράτης
527 4405 681 4476 articulus
704 4405 927 4495 desideratum
949 4425 1064 4495 parum
1088 4408 1251 4479 concinne.
