3098 4988
746 367 791 431 44

134 599 185 675 ήδη
216 601 409 680 οοουμοοχίκο,
443 601 498 667 ubi
529 601 563 666 in
595 601 663 667 solo
695 600 722 665 B
752 600 930 686 invenitur,
961 599 1024 665 huc
1047 598 1190 666 delatum
1212 598 1406 667 vccabulum

134 740 205 786 esse
236 719 424 803 suspicatur.
470 719 566 786 Valla
597 725 711 786 neutm
741 720 813 786 loce
842 720 894 796 ήδη
918 718 1076 804 expressit
1099 723 1132 784 et
1154 716 1306 802 equidem
1329 718 1409 785 mihi

132 857 323 923 persuasum
345 837 449 904 habeo
472 837 505 903 in
528 838 555 903 B
578 837 733 905 insertum
756 858 847 918 esse,
876 844 913 904 ut
934 837 1145 923 responderet
1167 836 1316 923 proximo
1339 841 1407 918 νῦν,

132 976 215 1039 quae
238 960 345 1022 tamen
368 955 517 1024 Vaticani
540 956 695 1024 correctio
719 977 957 1041 supervacanea
979 960 1016 1022 ut
1040 956 1098 1037 sit,
1124 953 1203 1022 lacit
1225 952 1406 1040 perfectum

133 1076 311 1152 νενικήκατε.

175 1191 200 1283 ὅ
224 1194 255 1262 3.
288 1193 382 1278 Vulg.
404 1193 501 1274 ἄνδρες
526 1194 586 1274 γοὶρ
609 1195 724 1261 ἐπειδοὶν
747 1190 768 1278 ᾧ
790 1193 901 1274 ἀξιοῦσι
929 1195 1067 1277 προύχειν
1087 1194 1294 1272 κολονίῶσι,
1318 1193 1353 1259 τό
1374 1196 1406 1271 γ’

133 1311 325 1378 ὑπόλοιπον
362 1314 457 1378 αὐτῶν
493 1321 545 1388 τῆς
569 1312 651 1390 δόξης
674 1314 873 1394 οὶοίενίστερον
896 1314 970 1380 ariri
993 1315 1097 1379 ἑαυτοῦ
1122 1315 1210 1379 ἐστιν.
1257 1310 1404 1378 Bbiea

132 1430 261 1515 vulgata
283 1429 405 1498 recedit
428 1435 460 1497 et
482 1432 634 1499 lectiones
658 1433 777 1518 pej0ris
801 1438 897 1501 notae
920 1432 1020 1499 refert
1043 1431 1143 1512 duas,
1172 1431 1348 1496 ἀκολουθῶσι
1372 1434 1404 1497 et

134 1550 207 1628 τόγε
229 1549 338 1614 λοιπόν.
371 1547 466 1616 Valla
488 1555 524 1616 ut
546 1550 674 1635 saepius
697 1551 732 1617 in
757 1551 836 1618 locis
853 1551 955 1637 magis
970 1551 1129 1618 intricatis
1144 1550 1278 1617 liberius
1295 1550 1404 1631 vertit,

135 1667 209 1749 sed,
239 1667 315 1733 licet
345 1666 384 1733 de
416 1668 576 1753 scriptura
606 1672 677 1748 τόγε
700 1669 799 1735 λοιπόν
823 1669 903 1736 nihil
927 1671 1057 1751 deceat,
1086 1675 1195 1737 tamen
1218 1688 1293 1736 eum
1316 1672 1403 1734 recte

134 1785 250 1872 legisse
273 1786 422 1850 soaoctcirs
445 1791 482 1852 ut
505 1793 702 1869 statuamus,
724 1793 856 1855 monent
878 1787 976 1855 verba
1000 1808 1078 1872 „spe
1102 1785 1262 1887 decepti&

176 2023 283 2107 Caput
306 2023 347 2088 67
371 2021 431 2113 §l
457 2022 551 2109 Vulg.
582 2024 726 2091 διπνιοοοίοο
756 2025 880 2092 ἓκοίστον
910 2029 927 2102 ή
960 2026 1062 2097 ἐνιπίς·
1093 2024 1241 2103 μεγίστην
1272 2023 1323 2088 rai
1351 2021 1402 2094 τήν

133 2143 292 2221 προθυμίαν
315 2143 492 2223 ποορέχετοοι.
526 2141 619 2210 Solus
642 2148 691 2210 est
712 2144 755 2222 B,
779 2143 836 2228 qui
858 2143 958 2211 refert
1068 2143 1212 2209 διπλασίου
1235 2140 1400 2216 ἐκοίστονή

132 2261 236 2334 ε’)ιπίς·
271 2263 317 2326 τοὶ
352 2262 385 2326 δὲ
408 2263 527 2328 πολλοὶ
562 2263 645 2342 πρὸς
679 2265 744 2336 τοὶς
781 2263 1024 2343 ἐπιχειρήσεις
1060 2264 1076 2338 ή
1110 2261 1270 2339 μεγίστη
1301 2259 1402 2330 ἐλπὶς

134 2382 281 2459 μεγίστην
303 2380 352 2444 sul
376 2383 428 2456 τήν
452 2383 611 2461 προίυμίοον
633 2380 812 2464 ποορίχετοιι.
836 2380 921 2447 Fieri
939 2385 1046 2466 potest
1061 2379 1149 2465 quod
1165 2379 1277 2465 Poppo
1296 2377 1400 2464 suspi-

137 2504 231 2566 catur
253 2503 290 2564 ut
313 2497 398 2565 oculi
420 2498 623 2566 librariorum
647 2499 689 2567 ab
713 2500 815 2567 altero
838 2499 880 2565 ad
904 2498 1041 2565 alterum
1060 2496 1143 2569 ε’νιπίς
1160 2495 1398 2572 aberraverint3

136 2617 251 2682 mirum
281 2622 391 2683 tamen
420 2622 470 2683 est
499 2638 609 2685 omnes
639 2618 738 2686 libros
770 2624 900 2703 praeter
931 2617 958 2682 B
989 2615 1168 2701 compluria
1193 2615 1275 2682 haec
1299 2614 1399 2682 verbe

135 2733 330 2819 neglexisse,
353 2734 437 2800 unde
457 2733 524 2801 fere
539 2735 691 2802 statueris
707 2756 817 2802 omnes
832 2736 931 2803 libros
948 2735 1060 2802 eodem
1076 2755 1116 2800 ex
1132 2732 1241 2801 codice
1256 2731 1399 2800 fluxisse.

133 2852 243 2932 Valla,
267 2853 362 2919 homo
386 2853 530 2921 Graecae
552 2854 680 2940 linguae
703 2875 768 2922 non
790 2854 1019 2940 peritissimus,
1044 2853 1141 2919 sudat
1155 2853 1190 2918 in
1203 2852 1275 2920 loco
1291 2856 1401 2919 nestro

133 2970 341 3054 explicand03
373 2970 538 3037 barbaries
567 2976 632 3051 est,
661 2993 760 3056 quam
790 2972 893 3039 latina
916 2993 976 3039 sua
1002 2971 1146 3039 versione
1169 2969 1272 3037 tradit
1279 2993 1289 3048 ς
1312 2971 1401 3056 quod

133 3094 241 3156 tamen
265 3111 329 3157 ncn
351 3090 499 3175 impedit,
524 3093 692 3175 quominus
716 3091 907 3160 Vaticanum
931 3091 1090 3158 stabiliat:
1122 3088 1263 3176 „duplex
1287 3089 1400 3157 adesse

136 3208 269 3292 singulis
312 3230 386 3293 spes
425 3209 537 3275 debet:
571 3231 638 3276 una
667 3215 700 3276 et
730 3232 769 3277 ea
800 3209 940 3276 maxima
971 3211 1001 3295 (ή
1032 3211 1163 3288 μεγίστη
1186 3208 1287 3294 tarta)
1319 3227 1404 3293 quae

134 3326 267 3410 perinde
306 3327 478 3392 maximam
514 3325 666 3394 fiduciam
699 3327 834 3412 praebet
869 3330 1025 3413 (μεγίστην
1064 3328 1113 3392 uel
1151 3329 1204 3402 τήν
1244 3327 1404 3420 προίυμίοον

133 3444 313 3531 ποιρέχετου)
345 3445 431 3528 quod
462 3445 564 3511 multa
594 3467 614 3512 a
644 3444 737 3512 nobis
769 3445 812 3511 ad
843 3447 1025 3514 audendum
1053 3447 1108 3534 (rol
1140 3446 1170 3512 δὲ
1201 3448 1305 3513 πολλοὶ
1335 3446 1404 3530 πρὸς

133 3566 190 3637 τοὶς
214 3567 421 3651 ἐπιχειρήσεις)
445 3570 633 3650 comparata
656 3563 757 3632 sunt”.

178 3681 256 3771 §4
291 3682 384 3768 Vulg.
421 3681 457 3748 clv
481 3682 700 3766 προίξοιντες,
732 3683 829 3750 BEG
860 3683 1017 3767 προίξοντες
1048 3706 1236 3772 perperam
1267 3691 1319 3752 eet
1341 3706 1404 3753 em·

134 3801 240 3868 blema
267 3801 397 3887 proprie
423 3801 518 3888 juxta
546 3801 583 3866 alr
609 3800 775 3882 πράξοντες
803 3802 975 3888 adpictum.
1007 3802 1102 3870 Valla
1131 3823 1216 3886 „non
1242 3803 1406 3872 deteriora

135 3918 330 4006 sequuturi’'.

180 4161 286 4249 Caput
301 4163 344 4228 68
367 4159 439 4251 §2
463 4160 556 4245 Vulg.
580 4157 648 4238 ὅίμοι
668 4159 692 4224 δ’
711 4160 827 4242 ἐχθροὺς
839 4160 1008 4236 οξμιίνοισίοοι
1027 4161 1315 4240 ε’γγενησίμενον
1336 4167 1405 4242 ήμΐν

136 4280 185 4347 ucri
205 4282 238 4346 ri
256 4281 414 4360 λεγόμενόν
432 4305 487 4346 που
507 4278 617 4357 licerer
637 4276 721 4349 είνοιι.
745 4292 766 4345 Β
788 4280 1076 4358 ἕκγενησίμενον.
1101 4281 1211 4364 Valla,
1227 4283 1283 4368 qui
1299 4285 1404 4353 locum

136 4419 202 4467 non
231 4399 327 4485 plane
357 4399 531 4485 intellexit,
564 4397 644 4465 nihil
675 4398 714 4465 de
745 4398 923 4484 scripturae
954 4397 1172 4484 discrepantia
1202 4399 1317 4485 dccet,
1343 4403 1405 4472 uisi
