3098 4988
692 260 733 328 87

79 506 180 578 τοῦτο,
211 507 380 586 praeterea
409 503 442 567 in
474 502 537 567 fine
568 503 689 568 addens
713 497 790 575 ἦλθε.
838 501 890 568 Sic
913 509 945 569 et
969 503 1080 570 Valla:
1108 503 1216 583 „Quae
1239 503 1345 568 resin

79 622 222 688 exercitu
244 622 383 706 primum
407 623 547 706 agitata,
573 643 644 687 mox
667 622 755 687 illinc
778 623 819 688 ad
844 623 955 688 urbem
978 620 1148 706 peruasit''.

124 740 204 806 Ibid.
228 740 318 825 Vulg.
350 742 542 812 ὑποτείνοντες
574 744 664 805 αὐτοῦ
696 743 755 805 καὶ
787 743 975 823 Τισσαφέρνη
1008 743 1061 818 μέν
1093 747 1212 824 πρῶτον,
1244 742 1349 805 ἔπειτα

78 861 107 924 δέ
129 860 179 925 καί
203 859 335 937 βασιλέα
357 861 445 941 φίλον
468 860 603 932 ποιήσειν.
652 859 744 925 Prior
765 860 817 924 καί
825 909 833 945 ,
859 865 894 926 ut
912 861 982 945 jam
1006 863 1113 940 πρῶτον
1138 860 1258 945 arguit,
1283 860 1349 925 tol·

80 978 212 1045 lendum
236 982 286 1045 est
309 999 413 1061 neque
435 979 468 1043 in
491 977 518 1041 B
543 999 603 1044 nec
625 979 726 1062 magis
751 979 836 1063 apud
861 979 986 1045 Vallum
1010 985 1129 1047 exstat:
1156 981 1230 1060 „illo
1254 1000 1350 1064 spon·

79 1099 175 1164 dente
197 1098 397 1163 redditurum
421 1119 455 1164 se
477 1097 540 1164 illis
564 1098 701 1163 amicum
724 1099 973 1183 Tissaphernem
996 1099 1161 1183 primum.’'

124 1217 205 1282 Ibid.
229 1215 320 1301 Vulg.
354 1218 470 1289 πολλαὶς
493 1217 616 1289 ἐλπίδας
639 1213 719 1296 εἶχον
742 1219 847 1282 αὐτοί
870 1244 908 1282 τε
931 1221 1053 1290 αὐτοῖς
1076 1220 1100 1283 οἱ
1123 1218 1264 1284 δυνατοί
1293 1224 1349 1282 τῶν

40 1336 43 1341 ’
78 1341 204 1400 πολιτῶν
233 1337 274 1400 τοὶ
306 1335 479 1414 πράγματα
612 1337 641 1407 ἐς
664 1337 769 1408 αὑτοὺς
793 1339 992 1418 περιποιήσειν.
1028 1337 1175 1404 Vaticani
1198 1338 1300 1402 αὐτοί
1323 1335 1347 1400 θ’

80 1455 219 1526 ἑαυτοῖς
253 1459 398 1537 praestat
431 1454 590 1537 vulgatae.
638 1453 756 1520 Dubito
780 1460 887 1522 tamen
912 1478 1018 1522 annon
1038 1458 1112 1542 jure
1135 1457 1348 1524 (llassenuse

79 1573 106 1638 B
139 1574 350 1656 assumpserit
380 1573 594 1651 δυνατώτατοι,
627 1573 713 1655 quod
745 1594 809 1638 non
840 1574 918 1640 vidit
948 1574 1060 1659 Valla,
1091 1576 1146 1658 qui
1169 1576 1275 1659 capite
1299 1596 1348 1639 su·

79 1693 205 1775 periore
240 1691 289 1756 bis
325 1693 556 1776 superlativum
587 1691 820 1775 interpretatus
852 1698 917 1772 est,
956 1690 1207 1776 „potentissimi”
1239 1697 1349 1758 nostro

81 1814 189 1876 autem
212 1809 283 1875 loce
310 1809 492 1894 „principes
515 1809 681 1876 civitatis''.
718 1809 868 1888 Quaestio
892 1815 942 1877 est
964 1817 1071 1878 utrum
1095 1812 1134 1877 de
1157 1811 1349 1896 primoribus

81 1929 219 1996 civitatis
251 1931 273 1997 i.
305 1951 330 1996 e.
363 1929 403 1996 de
433 1937 485 2003 τῆς
516 1931 694 2010 ὀλιγαρχίας
718 1928 929 2014 participibus
952 1929 1104 2013 loquatur
1127 1931 1264 2014 scriptor
1289 1951 1349 2014 an,

86 2049 174 2133 quod
198 2049 303 2116 minus
326 2048 494 2115 verisimile
517 2054 583 2133 est,
608 2048 647 2115 de
670 2049 733 2116 illis
757 2049 1055 2135 (landrianensis),
1078 2050 1132 2134 qui
1152 2048 1351 2115 Alcibiadem
1430 2039 1432 2044 ’

81 2167 233 2235 adissent.
281 2166 390 2233 Sermo
421 2167 505 2233 enim
534 2166 629 2232 mode
652 2171 759 2250 potest
782 2188 851 2233 esse
876 2169 915 2234 de
939 2168 1114 2253 eligarchia
1136 2169 1351 2236 instauranda

84 2285 125 2352 cl.
148 2286 169 2351 3
193 2284 248 2370 (of.
271 2307 298 2351 c.
322 2286 363 2350 21
388 2283 448 2374 §l
473 2285 497 2349 oi
521 2285 657 2366 duraret).

127 2408 148 2486 ξ
171 2405 204 2469 2.
229 2403 321 2488 Vulg.
344 2403 523 2480 ξννίστασοίν
546 2428 580 2467 τε
599 2451 605 2467 .
621 2451 627 2466 .
643 2451 672 2466 ..
696 2403 762 2474 τοὺς
786 2404 958 2477 ἐπιτηδείους
975 2403 1200 2481 έςξυνοιμοσίαν
1218 2405 1351 2476 καὶτοὺς

80 2523 208 2594 πολλοὺς
240 2528 371 2605 φανερῶς
403 2523 515 2598 ἔλεγον.
561 2521 729 2587 Broctius
753 2523 781 2594 ἐς
805 2522 871 2592 τοὺς
895 2523 1029 2593 πολλοὺς.
1076 2522 1160 2588 Nihil
1186 2524 1288 2606 liquet
1311 2545 1359 2616 ex·

81 2640 193 2708 Valla:
220 2640 328 2724 „apud
351 2639 588 2706 multitudinem
611 2639 719 2722 palam
743 2638 914 2705 dicentes.”

126 2756 150 2847 ξ
174 2758 205 2825 3.
241 2756 334 2840 Vulg.
365 2756 414 2821 καί
446 2757 459 2820 ὂ
490 2756 543 2832 μέν
574 2756 662 2835 ὄχλος
803 2756 850 2821 διὰ
877 2757 910 2821 τδ
933 2756 1048 2833 εὔπορον
1070 2765 1123 2832 τῆς
1146 2758 1262 2830 ἐλπίδος
1286 2765 1348 2824 τοῦ
1435 2834 1437 2838 ,

80 2875 261 2954 βασιλέως
292 2876 417 2950 μισθοῦ
451 2872 610 2954 ἡσυχαζεν.
657 2874 861 2958 Bmajorem
893 2875 1031 2959 speciem
1055 2875 1171 2943 habet:
1195 2879 1351 2954 τοῦπαρὰ

79 2995 228 3070 βασιλέως
255 2995 366 3071 μισθοῦ,
391 2993 476 3077 quod
500 3014 521 3058 a
543 2992 638 3057 Valla
660 2993 797 3058 relatam
820 3012 890 3059 esse
915 2993 1053 3059 dixeris:
1081 2993 1274 3078 ‚affulgente
1298 2996 1351 3061 sti·

81 3111 192 3196 pendii
215 3112 257 3179 ab
281 3132 357 3196 rege
381 3110 611 3196 suppeditandi
635 3109 723 3193 spe'’.

125 3237 146 3315 ξ
169 3232 200 3297 4.
225 3230 318 3314 Vulg.
343 3230 360 3304 ἢ
384 3227 478 3314 ἄλλο,
502 3241 524 3293 Β
547 3227 606 3293 οὐδ’
631 3225 722 3307 ι’ίλλο,
746 3228 852 3317 rectef,
877 3234 912 3294 ut
936 3230 1045 3298 Valla:
1073 3233 1226 3316 „neque’'.

126 3350 207 3417 Ibid.
232 3350 324 3434 Vulg.
352 3348 437 3431 σφίσι
461 3348 490 3412 δὲ
514 3347 726 3425 περιοπτέον
750 3342 821 3410 εἶναι
845 3353 928 3411 τοῦτο
952 3349 1090 3424 ριιίλιστα
1115 3347 1191 3421 ὅπως
1214 3353 1257 3428 μέν
1280 3377 1351 3418 στα·

81 3471 213 3535 σιάσωσι.
242 3469 411 3548 Περιοπτέον
434 3487 455 3531 a
477 3463 573 3531 verbo
596 3466 778 3544 repressistis
803 3465 822 3529 i.
840 3485 867 3530 e.
894 3465 1175 3550 „circumspicere”
1200 3470 1241 3534 ob
1266 3471 1351 3535 omni

80 3593 173 3672 parte
205 3585 354 3670 quadrat.
400 3584 427 3647 B
459 3582 601 3657 scribens
631 3585 662 3647 οὐ
686 3582 859 3669 περιοπτέον,
885 3583 927 3649 ab
951 3585 1054 3651 activo
1080 3592 1208 3667 repereris
1234 3588 1349 3654 deduc·

79 3712 166 3785 tum,
198 3710 331 3789 propter
361 3702 508 3769 additam
539 3701 742 3786 negationem
772 3702 857 3767 idem
889 3701 956 3768 fere
986 3702 1071 3769 valet
1098 3705 1183 3787 quod
1208 3706 1351 3790 vulgata.
1439 3720 1440 3724 ’

79 3822 191 3890 Valla:
219 3841 305 3902 „non
327 3817 580 3903 negligendum.'’

124 3939 208 4006 Ibid.
233 3937 324 4023 Vulg.
359 3937 485 4015 βασιλεῖ
512 3938 563 4002 οὐκ
590 3936 703 4016 εὔπορον
734 3932 815 4003 εἶναι.
848 3949 870 4001 Β
901 3939 947 4019 τῷ
978 3938 1132 4013 βασιλεῖ
1160 3965 1213 4018 τε,
1246 3939 1350 4023 quod,

79 4057 174 4124 modo
198 4055 328 4123 omittas
353 4054 540 4133 articulum,
561 4059 708 4136 praestat
730 4052 879 4137 vulgatae
898 4060 1031 4138 prepter
1054 4055 1249 4139 praecedens
1274 4057 1291 4122 d
1312 4083 1351 4124 τε

81 4173 283 4253 Ἀλκιβιιίδνς.
308 4171 418 4238 Valla:
446 4171 557 4253 „quin
581 4171 697 4236 etiam
721 4191 761 4236 ne
785 4171 869 4255 regis
894 4172 1020 4255 quidem
1043 4172 1228 4242 interesse''.

126 4291 206 4359 Ibid.
229 4291 322 4375 Vulg.
353 4289 452 4360 πίλεις
485 4287 611 4368 ἐχόντων
643 4290 671 4351 έν
695 4297 732 4370 τῇ
757 4288 845 4383 αὑτοῦ
868 4291 949 4370 aczo
973 4293 1032 4356 οὐκ
1056 4292 1233 4370 ἐλαχίστας.
1280 4293 1351 4359 Etsi
