3098 4988
813 335 859 399 44

202 566 253 641 ἤδη
284 567 477 646 ναυμαχίας,
511 566 566 633 ubi
596 569 630 633 in
663 568 731 634 solo
763 568 789 633 Β
820 568 997 654 invenitur,
1029 567 1091 635 huc
1115 567 1257 635 delatum
1280 567 1472 636 vocabulum

187 705 273 764 esse
303 685 492 770 suspicatur.
538 686 634 753 Valla
665 693 778 755 neutro
808 688 881 754 loeo
910 688 961 764 ἤδη
985 687 1143 773 expressit
1166 692 1199 754 et
1222 687 1372 771 equidem
1395 688 1474 755 mihi

200 824 390 889 persuasum
413 803 517 871 habeo
539 804 573 870 in
596 805 623 870 B
645 805 801 872 insertum
823 826 915 886 esse,
944 811 980 873 ut
1001 806 1213 890 responderet
1235 806 1383 892 proximo
1406 811 1473 888 νῦν,

199 943 283 1006 quae
306 927 413 989 tamen
436 922 584 990 Vaticani
608 924 762 992 correctio
786 945 1023 1010 supervacanea
1046 929 1083 991 ut
1107 925 1165 1006 sit,
1191 922 1270 992 facit
1292 922 1472 1010 perlectum

200 1043 379 1118 νενικηκοιτο.

243 1157 268 1249 ξ
291 1162 323 1229 3.
356 1159 449 1246 Vulg.
472 1161 569 1241 ἄνδρες
594 1160 653 1241 γοὶρ
676 1162 791 1229 ε’πειδίιν
814 1158 835 1246 ᾧ
857 1161 969 1242 οίξιοῦσι
992 1164 1134 1246 ’προύχειν
1153 1164 1360 1241 κολουθῶσι,
1384 1163 1420 1229 τί
1441 1166 1473 1240 γ’

200 1279 264 1344 ὑπί
270 1293 393 1344 λοιπον
429 1281 525 1344 κθτῶν
561 1289 613 1356 τῆς
637 1280 718 1358 δόξης
741 1282 940 1364 οίσθενίστερον
963 1283 1037 1348 αὐτὸ
1060 1283 1164 1348 ἑαυτοῦ
1189 1284 1277 1348 ἐστιν.
1323 1281 1350 1347 Β
1375 1279 1470 1347 bisa

199 1395 328 1482 vulgata
351 1396 473 1464 recedit
495 1402 528 1463 et
549 1398 701 1466 lectiones
725 1401 844 1486 pejoris
868 1406 964 1468 notae
987 1400 1087 1468 refert-
1110 1399 1209 1479 duas,
1238 1400 1413 1465 σίκονουθιθσι
1438 1404 1471 1466 et

201 1517 274 1595 τόγε
296 1516 405 1582 κοιπθν.
438 1514 533 1583 Valla
555 1522 591 1584 ut
614 1518 741 1603 saepius
764 1518 798 1585 in
824 1519 903 1586 locis
920 1519 1022 1605 magis
1037 1519 1196 1587 intricatis
1212 1518 1344 1586 liberius
1361 1520 1471 1601 vertit,

202 1633 276 1714 sed,
306 1633 382 1700 licet
412 1633 451 1699 de
483 1635 643 1720 scriptura
673 1639 744 1714 τόγε
766 1638 866 1703 κοιπθν
890 1637 970 1704 nihil
992 1639 1123 1718 doceat,
1153 1642 1261 1705 tamen
1285 1658 1358 1704 enm
1382 1643 1470 1705 recte

201 1752 317 1838 legisse
340 1754 489 1817 κοκουθθσι
513 1758 549 1820 ut
572 1761 769 1835 statuamus,
791 1760 922 1822 monent
944 1756 1042 1822 verba
1067 1776 1144 1842 „spe
1168 1754 1327 1855 decepti’'.

243 1989 350 2074 Caput
374 1989 414 2054 67
438 1987 498 2079 §l
525 1989 617 2076 Vulg.
649 1992 792 2058 διπθιοιοίοι
823 1993 946 2059 ἒκοίστον
977 1997 994 2070 ἡ
1026 1995 1128 2067 ε’)ιπίς·
1160 1995 1307 2072 μεγίστην
1338 1991 1388 2057 sat
1416 1990 1469 2063 τὴν
1530 2053 1533 2056 ,

200 2110 359 2189 προθυμίαν
382 2109 559 2190 ποιρίχετοιι.
592 2108 685 2178 Solus
709 2115 758 2177 est
778 2111 821 2190 Β,
846 2111 903 2195 qui
924 2111 1025 2178 refert
1135 2111 1278 2177 διπλοισίοι
1301 2109 1426 2176 ἑκοίσπον
1450 2113 1468 2185 η

199 2229 302 2300 ε’)ιπίς·
338 2229 384 2292 τὰ
418 2228 452 2292 δὲ
475 2230 594 2294 πολλοὶ
628 2229 711 2310 πρὸς
746 2231 810 2304 τὰς
848 2231 1090 2311 ἐπιχειρήσεις
1126 2233 1142 2305 η
1176 2231 1335 2307 μεγίστη
1367 2228 1469 2300 ἐλπίς

201 2349 347 2425 μεγίστην
370 2347 419 2411 nal
443 2350 495 2422 την
518 2350 677 2427 προθυμίοιν
700 2348 878 2429 πκρέχετοιι.
902 2349 987 2415 Fieri
1005 2353 1112 2434 potest
1127 2348 1215 2433 quod
1231 2348 1342 2433 Poppe
1362 2347 1466 2432 suspi-

203 2470 297 2532 catur
320 2472 356 2530 ut
380 2463 464 2530 oculi
486 2465 690 2533 librariorum
714 2465 755 2533 ab
779 2467 881 2534 altero
904 2467 946 2532 ad
970 2466 1106 2533 alterum
1126 2467 1209 2537 ἕκπίς
1226 2464 1465 2543 aberraverint3

202 2584 317 2648 mirum
347 2588 457 2649 tamen
486 2589 536 2650 est
566 2605 675 2652 omnes
705 2584 804 2653 libros
836 2592 965 2670 praeter
997 2585 1024 2650 B
1055 2584 1234 2670 compluria
1259 2584 1340 2650 haee
1365 2583 1465 2651 verba

201 2700 395 2785 neglexisse,
419 2700 503 2766 unde
524 2700 590 2767 lere
606 2703 757 2770 statueris
773 2724 883 2770 omnes
898 2702 998 2770 libros
1014 2703 1126 2770 eodem
1143 2723 1182 2769 ex
1198 2701 1307 2770 codice
1322 2700 1465 2769 fluxisse.

199 2818 309 2899 Valla,
333 2819 428 2886 homo
452 2819 596 2887 Graecae
618 2821 746 2906 linguae
769 2843 834 2890 non
856 2822 1085 2907 peritissimus,
1110 2822 1206 2887 sudat
1220 2821 1255 2887 in
1270 2820 1340 2889 loco
1356 2827 1467 2888 nostro

199 2936 407 3020 explicand03
439 2935 604 3004 barbaries
632 2944 697 3019 est,
728 2959 825 3024 quam
855 2940 959 3007 latina
982 2961 1041 3007 sua
1068 2941 1212 3006 versione
1235 2938 1336 3006 tradit
1343 2963 1353 3017 ;
1378 2940 1466 3023 quod

198 3061 307 3121 tamen
331 3077 395 3123 non
417 3056 565 3142 impedit,
590 3061 758 3142 quominus
781 3059 972 3128 Vaticanum
996 3059 1156 3126 stabiliat:
1188 3058 1328 3145 „duplex
1351 3059 1466 3126 adesse

201 3173 334 3258 singulis
378 3197 452 3259 spes
491 3175 603 3243 debet:
637 3199 703 3244 una
733 3183 766 3244 et
796 3199 834 3245 ea
865 3178 1005 3244 maxima
1036 3179 1066 3263 (θ
1098 3179 1228 3257 μεγίστη
1252 3177 1351 3263 ἐκπίς)
1385 3196 1470 3260 quae

199 3292 333 3377 perinde
371 3294 543 3359 maximam
580 3293 732 3362 fiduciam
765 3295 900 3380 praebet
934 3299 1091 3380 (μεγίστην
1129 3297 1178 3361 κοιί
1217 3299 1269 3372 την
1309 3297 1469 3378 προθυμίην

199 3410 379 3496 πκρέχετοιι)
410 3412 496 3495 quod
528 3413 629 3478 multa
659 3434 679 3480 a
709 3412 802 3480 nobis
834 3412 878 3480 ad
908 3414 1091 3483 audendum
1118 3416 1173 3503 (rel
1205 3416 1235 3481 θθ
1267 3417 1369 3481 rorat
1400 3415 1468 3498 πρθς

199 3532 255 3603 τοὶς
280 3533 486 3618 ἐπιχειρήσεις)
511 3537 698 3618 comparata
721 3531 822 3600 sunt”.

244 3648 321 3737 §4
357 3648 450 3734 Vulg.
486 3649 522 3715 dra
545 3649 766 3734 προίξοιντος,
797 3651 894 3718 ΒΕΘ
925 3652 1082 3734 πράξοντες
1113 3674 1301 3740 perperam
1332 3658 1382 3720 est
1404 3674 1468 3722 em·

199 3767 306 3834 blema
332 3767 462 3853 proprie
488 3769 583 3855 juxta
611 3767 647 3834 θον
674 3768 840 3849 προίξοιιτες
869 3770 1040 3856 adpictum.
1072 3771 1166 3839 Valla
1196 3792 1280 3855 „non
1308 3771 1469 3840 deteriora

201 3884 395 3972 sequuturi”.

245 4127 351 4214 Caput
367 4129 409 4194 68
432 4125 504 4217 §2
528 4126 621 4212 Vulg.
645 4124 713 4205 ὅίμιι
733 4127 757 4192 δ’
776 4128 892 4210 ἐχθροὺς
904 4128 1072 4205 οίμύνοισθοιι
1092 4131 1378 4209 ε’γγενησθμενον
1399 4136 1468 4211 η’μῑν

200 4249 249 4312 set
270 4248 302 4312 τὸ
322 4247 479 4326 λεγίμενίν
497 4271 551 4312 που
571 4245 682 4322 ἥδιστον
702 4244 785 4317 εἷνοιι.
809 4261 831 4313 Β
852 4249 1141 4327 ἕκγενησθμονον.
1165 4250 1276 4333 Vella,
1291 4253 1347 4337 qui
1362 4253 1468 4320 locum

201 4386 266 4433 non
296 4365 392 4451 plane
422 4366 596 4452 intellexit,
629 4364 708 4432 nihil
739 4366 778 4433 de
810 4366 988 4452 scripturae
1019 4365 1237 4454 discrepantia
1267 4369 1379 4452 docet,
1406 4372 1469 4441 nisi
