3098 4988
767 304 788 387 a

285 503 316 544 ll

141 564 287 632 confecti.
334 563 428 630 Valla
459 562 556 648 igitur
585 564 663 648 legii
692 564 738 628 διὰ
765 563 969 643 φρυνοινισμὸν
993 563 1041 627 aa}
1067 564 1177 642 ὑδρείοιν
1200 564 1248 627 aci
1273 562 1412 644 cipacbiv

141 685 268 763 μοικροίν.
316 675 377 760 Qui
408 683 578 749 verborum
608 683 687 750 ordo
710 704 907 768 quamquam
931 684 1059 750 omnino
1083 704 1148 751 non
1172 682 1336 768 displicet,
1360 703 1412 749 res

139 806 248 868 tamen
279 800 411 867 minoris
442 805 492 867 est
524 801 675 867 momenti
706 806 812 867 utrum
836 800 1109 869 substantivorum
1133 802 1246 868 seriem
1270 800 1355 867 hunc
1378 801 1412 867 in

140 920 269 987 modum
295 919 502 1004 disponamus
525 940 625 985 necne
643 920 687 1005 1);
717 920 794 1004 quid
818 920 1023 987 statuendum
1047 921 1139 989 nobis
1164 923 1206 989 sit
1229 922 1268 988 de
1295 921 1412 1003 μοικροέν

140 1039 314 1108 videamus.
343 1038 514 1109 Classenus
538 1039 583 1106 sic
608 1038 770 1124 disputat:
798 1039 934 1121 ,μικράν
958 1039 1029 1106 adv.
1048 1061 1087 1107 zu
1103 1041 1313 1118 ἀπολλυμένων
1329 1040 1413 1126 (ent-

140 1158 225 1224 fernt
254 1180 315 1225 von
344 1159 435 1231 ihren
459 1159 760 1246 Standquartieren)
784 1161 850 1226 und
874 1160 975 1248 dalver
998 1159 1095 1227 allein
1117 1159 1233 1245 richtig
1256 1159 1315 1225 mit
1339 1158 1412 1225 dem

139 1277 209 1343 Vat
238 1277 321 1343 nach
351 1280 461 1359 ὑδροίοιν
484 1279 586 1364 (nicht
610 1279 694 1346 nach
718 1280 873 1365 ιὶρποιρὴν)
895 1277 1045 1364 gestellt”
1069 1280 1088 1345 i.
1113 1298 1141 1344 e.
1165 1281 1240 1363 post
1264 1277 1413 1345 substan·

137 1397 271 1463 tivornm
303 1398 418 1465 seriem
449 1420 489 1465 ne
520 1399 561 1464 de
592 1397 751 1484 adjectivo
776 1397 973 1484 cogitaveris.
1021 1397 1158 1465 Omnino
1182 1399 1322 1465 concedo
1345 1398 1412 1464 viro

137 1516 251 1601 docto,
282 1522 319 1583 ut
349 1519 446 1586 etiam
479 1517 594 1585 Vallae
629 1518 774 1604 „longius
797 1517 895 1584 eant''
920 1517 1031 1599 docet,
1062 1517 1179 1598 μυιιριὶυ
1204 1538 1275 1585 esse
1297 1517 1410 1582 adver·

141 1633 247 1715 bium,
278 1656 343 1702 non
374 1637 469 1703 modo
491 1618 572 1702 'oum
603 1635 835 1721 „praedatum”
860 1636 916 1703 sed
939 1636 1038 1703 etiam
1061 1657 1134 1703 cum
1160 1632 1356 1721 „lignatum”
1379 1640 1413 1700 ot

135 1753 333 1839 „aquatumf’
362 1756 628 1842 conjungendum.
676 1755 767 1835 Quod
790 1761 897 1822 autem
921 1753 1094 1822 Classenus
1117 1751 1266 1839 perhibet
1294 1753 1412 1833 μοικροὶυ

139 1874 183 1944 ad
217 1874 429 1953 ἀπολλυμένων
463 1873 576 1941 referri
610 1873 745 1961 debere,
776 1873 857 1940 nihil
889 1873 995 1941 credo.
1044 1871 1126 1951 Quid
1161 1871 1244 1938 enim
1278 1872 1414 1939 interest

142 1998 249 2060 utrum
272 1998 391 2060 nautae
414 1995 528 2079 procul
550 2016 572 2061 a
595 1996 711 2062 castris
734 1994 990 2061 interficerentur
1015 2014 1057 2060 an
1080 1992 1210 2059 minus?
1254 1991 1423 2076 Equidem,

143 2114 258 2198 opinor
289 2112 406 2195 μοικροὶν
436 2114 596 2200 respicere
619 2112 661 2179 ad
684 2114 847 2180 notionem
870 2111 1047 2193 verbalem,
1071 2131 1155 2197 qnae
1177 2111 1261 2178 inest
1283 2111 1317 2176 in
1340 2117 1412 2192 Φρυ-

137 2233 303 2318 γοινιομός,
337 2235 482 2318 οὶρπιιρή,
516 2233 625 2314 ὑδρείοι,
662 2231 779 2318 quibus
810 2233 1008 2317 respondent
1037 2231 1134 2298 verba
1163 2227 1409 2315 φρνριινιζεοθοιι,

135 2349 296 2431 οὶρποέζειν,
321 2351 495 2432 ὑδρεύεσθαι.

181 2470 262 2536 Ibid.
293 2468 385 2555 Vulg.
417 2470 470 2535 rici
503 2470 527 2533 δ’
556 2465 581 2535 οἳ
609 2469 660 2534 acl
691 2474 804 2537 αὑτοῦ
835 2470 1065 2552 ἐμπορευόμενοι.
1099 2483 1121 2536 Β
1149 2471 1262 2537 abaci.
1296 2469 1412 2536 Valla:

137 2587 291 2671 „quidam
315 2589 411 2655 etiam
434 2589 594 2674 mancipia
618 2588 797 2675 Hyocarioa
820 2590 966 2670 mercati,
991 2590 1153 2675 persuasis
1169 2588 1354 2656 trierarchis
1370 2591 1407 2653 ut

134 2707 194 2772 illa
216 2728 276 2790 pro
301 2728 334 2773 sc
358 2707 573 2796 substituant,
597 2708 799 2794 disciplinam
823 2708 870 2793 rei
886 2708 1034 2777 militaris
1051 2708 1225 2775 evertunt’'.
1261 2707 1408 2774 Liberius

136 2823 252 2911 vertit,
277 2845 375 2910 quam
398 2831 434 2892 nt
457 2826 525 2892 eius
548 2811 717 2894 lectionem
740 2827 911 2894 discamus.
941 2826 1139 2894 Sententiam
1165 2831 1272 2894 autem
1296 2824 1409 2892 Veliae

136 2943 283 3011 codicum
318 2943 449 3011 lectioni
484 2950 731 3032 anteponerem,
768 2945 940 3013 dummodo
974 2944 1179 3027 ἐμπορεύεσθαι
1214 2941 1412 3030 significaret

138 3062 322 3144 „mercari’';
362 3064 443 3130 αὐτοὶ
483 3065 700 3147 ἐμπορευόμενοι
743 3086 807 3132 non
843 3065 905 3132 nisi
939 3064 1091 3132 insulsius
1126 3063 1280 3150 explicari
1313 3083 1409 3148 posse

140 3183 219 3249 mini
242 3184 377 3251 videtur.
525 3159 528 3164 ’

183 3438 289 3524 Caput
322 3438 364 3503 14
395 3435 419 3528 ξ
450 3438 479 3504 3.
508 3438 599 3523 Vulg.
622 3438 946 3516 διοιπολεμήοεπιιι
1074 3437 1087 3502 ὅ
1118 3436 1257 3514 πόλεμος.
1290 3437 1410 3502 aava·

138 3558 448 3635 necessariorum
467 3557 568 3622 ....c‘
591 3556 729 3633 πόλεμοι.
755 3555 865 3624 Valla:
893 3556 1106 3640 „debellatum
1123 3558 1204 3643 estl’,
1225 3557 1312 3642 quod
1328 3556 1414 3623 futu·

138 3693 211 3737 rum
234 3671 410 3738 secundum
426 3676 533 3756 potest
550 3670 686 3750 referre,
709 3670 854 3738 futurum
870 3675 977 3737 autem
994 3671 1134 3756 primum
1149 3672 1288 3738 minime.
1311 3670 1409 3737 Haud

137 3789 206 3856 fere
239 3810 320 3874 opus
344 3795 394 3856 est
417 3788 668 3855 animadvertere
691 3801 713 3853 Β
736 3809 845 3856 veram
868 3788 1061 3873 scripturam
1084 3789 1229 3857 reddero.
1269 3788 1409 3855 Dixerim

138 3908 265 3975 Vallem
289 3929 353 3974 non
377 3907 492 3974 vidisse
516 3908 660 3993 πόλεμος,
686 3927 706 3973 a
728 3905 893 3993 Kruegero
916 3907 1141 3993 proscriptum.

172 4206 200 4271 1)
223 4207 256 4258 ol.
278 4204 352 4256 Valla
369 4221 391 4256 c.
408 4204 441 4256 14
459 4205 472 4271 5
489 4205 506 4254 2
523 4207 551 4256 in
569 4203 605 4255 τά
622 4220 652 4254 πε
669 4203 733 4254 'tara
750 4203 793 4254 ιιιιῖ
809 4202 1050 4267 ιἰιιιινιιλιοιιομενιιι
1071 4206 1133 4270 „sed
1151 4218 1259 4256 necessa
1276 4211 1316 4256 est
1333 4205 1410 4256 nobis

138 4303 214 4353 illinc
237 4316 342 4353 sumere
367 4304 436 4353 unde
459 4305 564 4368 quando
587 4305 640 4354 huc
663 4304 798 4364 verrimus,
820 4308 852 4354 et
872 4318 960 4368 quae
977 4303 1153 4368 absumpta
1171 4308 1266 4367 sunt,
1282 4309 1315 4354 et
1332 4318 1415 4368 quac

140 4403 342 4466 supersunt,
361 4399 533 4466 sumpsimus.

1298 4496 1314 4549 2
1405 4546 1407 4556 .
