3098 4988
752 294 806 377 38·

144 536 253 616 Valla:
280 535 410 632 „Neque
432 544 517 612 enim
536 546 605 631 jam
628 545 674 612 eis
697 545 741 612 de
764 545 888 615 salute
912 547 1017 633 sual)
1040 546 1185 613 tuenda
1207 568 1287 614 cura
1308 535 1408 615 erat‘.

144 666 233 753 Opus
256 686 321 733 non
343 670 392 733 est
415 664 574 732 disserere
597 664 637 731 de
655 664 725 732 Vat.
742 673 774 732 et
789 664 902 733 Vallae
924 666 1142 751 praestantia,
1167 687 1241 733 cum
1259 666 1310 733 vel
1327 687 1407 734 sana

141 786 226 855 ratio
257 785 419 871 vulgatam
445 784 621 852 convincat.
657 784 766 852 Verba
788 785 873 852 enim
895 785 1030 853 laudata
1053 786 1223 871 quominus
1246 785 1287 853 de
1310 785 1407 854 Atha·

142 906 305 973 niensibns
329 905 542 991 accipiantur,
566 903 676 970 obstat
698 903 801 970 altera
825 904 1003 972 sententiae
1025 926 1120 990 pars:
1147 906 1233 972 οὶοιοοὶ
1257 905 1308 972 κιο)
1332 903 1406 978 ὅπως

142 1027 262 1098 ἐκείνους
287 1024 455 1109 κωλύσωσι,
478 1021 637 1104 νομίζοντες
648 1071 749 1100 .....
778 1023 801 1088 εἰ
825 1022 951 1089 δύναιντο
976 1032 1120 1104 κοοοιήσοιι
1139 1023 1295 1099 Ἀθηναίων
1309 1050 1345 1091 τε
1361 1023 1408 1091 real

141 1149 197 1209 τῶν
226 1141 396 1224 ξυμμάχων
426 1142 475 1207 rai
498 1142 579 1208 rard
603 1150 660 1219 γῆν
682 1141 732 1206 rai
757 1142 838 1208 κοινοὶ
861 1142 1028 1228 cesareae,
1051 1145 1142 1209 κοινὸν
1163 1143 1266 1226 σφίσιν
1288 1145 1318 1216 ἐς
1341 1143 1407 1217 τοὺς

138 1261 290 1338 Ἐλλήνων
314 1261 347 1327 τὸ
371 1261 529 1339 οξνώνισμον
552 1262 720 1346 Φοινεῖσήοιν.

186 1518 292 1605 Caput
315 1517 356 1584 57
389 1522 410 1601 ξ
436 1520 463 1583 1.
486 1516 576 1602 Vulg.
601 1514 749 1598 ἑκάστοις,
772 1517 799 1582 Β
822 1517 907 1584 idem
930 1515 1045 1602 refert,
1069 1516 1126 1584 sed
1149 1516 1405 1604 superscriptum

139 1635 272 1715 ἕννοιστον,
296 1657 381 1721 quae
404 1656 479 1702 vera
501 1641 551 1704 est
572 1635 675 1702 lectio.
722 1637 769 1702 De
793 1635 889 1703 Valla
911 1636 991 1702 nihil
1015 1641 1152 1703 constat.

184 1756 265 1823 Ibid.
286 1755 377 1842 Vulg.
400 1755 518 1840 ήνοέγνιή
541 1762 646 1840 recte,
668 1769 691 1821 B
713 1755 856 1833 οὶνήνκήο.

184 1880 205 1959 ξ
227 1875 258 1940 4.
281 1873 372 1960 Vulg.
398 1873 457 1938 ιἰιιὸ
479 1873 508 1938 δὲ
532 1874 621 1949 νήσων
643 1880 718 1940 Κεῖοι
742 1873 792 1939 real
810 1872 936 1955 Ἄνδριοι
960 1872 1009 1938 nal
1034 1874 1137 1952 Τήϊον,
1170 1873 1198 1938 Β
1221 1875 1310 1940 reete

139 1994 245 2070 Τήνιοι.
268 1992 379 2060 Valla:
405 1991 466 2074 „ab
489 1992 603 2059 insulis
627 1991 700 2073 Cei,
723 1991 860 2074 Andrei,
884 1992 961 2059 Teii.

183 2112 264 2179 (lum
286 2110 368 2178 Teos
390 2111 496 2178 insula
519 2116 624 2178 exstet
645 2111 751 2191 nulla,
774 2110 878 2178 Tenos
902 2116 1009 2178 autem
1031 2111 1115 2177 iuter
1139 2108 1297 2196 Cyclades
1316 2111 1403 2178 inve-

137 2231 256 2311 niatur,
283 2230 358 2315 jure
387 2227 469 2296 liber
499 2229 526 2294 B
557 2229 636 2314 legit
657 2230 772 2311 Τήνιοι,
800 2230 886 2314 quod
910 2228 1062 2297 debemus
1086 2228 1259 2297 correctori
1274 2230 1322 2317 2),
1346 2231 1402 2316 qui

137 2348 356 2435 praemonitus
380 2345 484 2413 verbis
507 2347 567 2412 οὶιιο
590 2346 619 2412 δὲ
642 2348 731 2423 νήσων
752 2347 859 2414 locum
882 2348 1016 2414 sanavit.
1052 2347 1098 2413 De
1122 2345 1348 2417 emendatione
1367 2353 1404 2417 ut

137 2467 310 2553 cogitemus
334 2465 449 2532 suadet
472 2463 492 2530 l,
509 2464 589 2530 VIII
605 2486 631 2532 c.
655 2466 698 2531 69
720 2463 745 2555 ὅ
768 2466 806 2552 3,
838 2464 893 2532 ubi
916 2466 1058 2533 eiusdem
1081 2463 1206 2533 insulae
1229 2466 1352 2535 incolas
1375 2467 1402 2533 B

136 2606 306 2672 perperam
329 2583 473 2671 appellat
495 2585 601 2664 Τήϊον,
618 2584 782 2669 negligens
799 2584 911 2651 tollere
926 2584 1090 2667 mendam,
1108 2606 1174 2669 qua
1184 2584 1279 2653 Valla
1295 2593 1402 2655 vacat.

181 2712 201 2791 ξ
224 2706 255 2772 4.
278 2704 369 2790 Vulg.
392 2700 469 2783 ὅμως
489 2703 585 2776 Ἴωνές
609 2728 663 2781 σε,
689 2715 711 2768 Β
738 2701 814 2779 ὅμως
832 2701 929 2775 Ἴωνές
952 2726 1000 2780 γε.
1028 2703 1125 2770 Valla
1147 2701 1228 2769 nihil
1251 2702 1348 2771 donet
1364 2704 1405 2771 de

134 2827 224 2893 varia
245 2824 399 2902 leotioue;
423 2822 651 2890 consuetudine
675 2843 734 2890 sua
756 2847 794 2900 γε
818 2844 883 2889 uon
905 2821 1064 2906 expressit
1093 2824 1117 2908 ).

178 2943 258 3035 §a
289 2943 381 3029 Vulg.
412 2944 459 3008 ἐπὶ
490 2955 530 3010 Λ.
564 2941 645 3007 ὅπλον
678 2943 816 3028 ἔφερον,
849 2943 1086 3024 Βέιιέφερον,
1120 2940 1208 3027 qnod
1237 2940 1333 3028 vulgo
1365 2940 1405 3008 da

136 3064 235 3150 signis
258 3061 432 3130 inferendis
456 3066 638 3148 usurpatur.

180 3189 200 3268 ξ
225 3185 253 3251 7.
276 3182 367 3269 Vulg.
401 3188 456 3248 τῶν
486 3208 524 3248 τε
553 3181 617 3261 περὶ
648 3180 862 3257 Πελοπόννησον
893 3187 1033 3257 νησιωτῶν
1057 3187 1251 3263 Κεφωλλήνες
1274 3180 1330 3259 μὲν
1353 3181 1402 3246 rol

134 3303 296 3385 Ζοιιιύνθιοι,
328 3315 349 3368 Β
380 3308 436 3368 τῶν
466 3301 503 3366 δὲ
532 3301 596 3380 περὶ
626 3303 688 3366 κτὲ.
735 3299 814 3366 (lum
844 3300 974 3386 vulgata
1003 3305 1090 3368 recte
1121 3299 1217 3379 iacit,
1240 3300 1275 3366 ni
1297 3299 1401 3378 fallor,

133 3421 244 3490 Valla:
271 3422 514 3504 „insulanorum
537 3440 664 3505 qnoque
687 3421 772 3487 circa
795 3420 1049 3506 Peloponnesum
1064 3426 1157 3487 eraut
1172 3419 1403 3506 Cephallenses

137 3547 254 3626 „atque
277 3538 475 3628 Zacynthii'.

177 3658 257 3750 §d
279 3659 373 3746 vulg,
402 3659 452 3725 κον)
482 3660 508 3725 οἱ
537 3660 693 3736 Μεσσήνιοι
724 3665 772 3725 νῦν
801 3657 971 3737 κοινούμενοι
1002 3660 1035 3724 ἐν
1065 3658 1273 3740 Νοινιιοὶκοῳ
1296 3657 1346 3724 real
1371 3660 1403 3724 ἕν

134 3869 377 3881 -..-----

166 4002 195 4069 1)
212 4000 296 4060 Αὐτὸς
314 4015 329 4051 a
346 3999 420 4050 Valla
437 3999 592 4063 pronomine
609 3985 731 4049 reflerivo
748 3998 880 4049 redditum
897 4012 968 4064 esse,
986 3997 1113 4049 discimus
1130 3999 1222 4050 eadem
1236 3999 1402 4064 paragrapho

133 4102 162 4150 in
184 4099 271 4150 verbis
293 4095 337 4146 nal
354 4093 429 4146 adrat
450 4092 569 4160 δόξοντες
586 4091 662 4143 alvers
681 4091 765 4143 οὔτῶν
782 4087 856 4158 εἶναι,
874 4108 943 4157 quae
960 4094 1038 4144 vertiI
1056 4092 1143 4144 Vallar
1168 4092 1268 4157 „Cuius
1286 4094 1348 4143 lacti
1366 4109 1402 4144 se

132 4200 253 4247 auctores
269 4208 327 4260 sqq.

156 4284 194 4357 ’9)
211 4290 279 4342 conl.
295 4288 376 4355 praei.
393 4301 452 4354 pag.
469 4284 514 4337 VI.

165 4383 193 4450 ³>
210 4385 238 4437 oi
260 4384 309 4436 Vll
326 4383 370 4449 it,
389 4383 413 4435 d.
430 4381 475 4446 15,
493 4379 521 4447 1,
541 4379 586 4445 28,
607 4376 623 4429 3
640 4379 705 4447 (bis)
722 4379 766 4447 to,
785 4379 801 4430 i
818 4384 845 4432 et
861 4380 942 4447 praet
959 4395 1017 4447 pag.
1034 4378 1078 4432 Vl.
