3098 4988
759 312 779 377 3

137 550 226 637 „ipso
260 551 373 618 itinere
406 552 505 636 Jegas
540 551 719 619 Siculorum
754 572 877 618 murum
912 546 1147 634 expugnasset”
1185 565 1270 629 quae
1303 540 1402 608 verba

134 671 262 756 proprie
297 672 383 757 apud
419 672 547 740 Vallam
582 674 710 754 audisse
745 673 910 751 contendit
943 672 1071 758 Poppo,
1106 691 1157 736 me
1191 667 1300 754 judice
1336 683 1401 730 non

134 789 230 874 plane
254 797 343 858 certa
365 812 553 859 asseverans
577 791 633 876 (ef.
656 791 762 859 Praei.
785 814 817 877 p.
839 792 891 877 2),
912 791 1050 876 „inipso
1066 791 1204 857 transitu
1222 787 1402 856 Siculorum

138 908 249 994 „Gega
279 915 311 975 et
341 929 431 974 muro
455 908 665 995 expugnato.’'
715 911 891 994 Utcumque
915 916 1022 977 autem
1045 908 1127 974 haec
1150 928 1202 974 res
1226 905 1402 990 sehabet,

135 1049 228 1094 verae
258 1049 372 1094 manus
404 1030 538 1114 vestigia
568 1031 602 1096 in
632 1030 746 1098 Vallae
778 1031 921 1098 versione
945 1032 1071 1097 servata
1094 1032 1187 1104 sunt;
1210 1024 1401 1093 vocabulum

135 1146 220 1213 enim
248 1146 363 1223 ''lsrcr‚
395 1149 479 1231 quod
511 1148 580 1232 sine
610 1149 706 1215 dubio
737 1153 786 1216 est
817 1148 1065 1227 restituendum,
1090 1145 1117 1212 si
1140 1165 1327 1230 expressum
1350 1150 1403 1209 est

133 1265 234 1332 literis
259 1267 459 1353 majusculis,
484 1270 638 1346 ἸΕΤΛΣ,
663 1290 777 1354 parum
801 1268 963 1353 discrepat
987 1267 1027 1334 ah
1043 1266 1178 1332 ἼΕΓΑΣ
1195 1263 1243 1331 vel
1258 1273 1401 1330 ΓΕΓΑΣ.

178 1383 260 1452 Ibid.
296 1384 389 1471 Vulg.
423 1387 593 1470 οέφικνεῖποιι
624 1388 659 1461 ἐς
691 1388 745 1462 ποις
778 1386 964 1472 Ἐπιπολοις,
1000 1387 1130 1468 Βπρὸς
1153 1383 1240 1470 quod
1263 1381 1402 1450 fortasse

134 1511 288 1592 praestat
334 1506 445 1574 Valla:
472 1508 657 1588 „contendit
679 1506 722 1573 ad
745 1505 932 1592 Epipolas.'’

101 1636 121 1652 ‘
179 1624 203 1715 ξ
233 1626 255 1690 4
288 1624 379 1711 Vulg.
415 1625 528 1706 ἔτυχε
665 1627 768 1705 ἐλθὼν,
801 1625 1040 1707 Βέτύγχοννε
1164 1624 1250 1689 ἐλθὼν
1272 1642 1337 1688 non
1363 1642 1403 1688 ex
1474 1706 1476 1711 ⁴

134 1741 328 1829 Thucydidis
351 1764 412 1810 usu
435 1743 564 1811 dictum.
610 1744 704 1812 Valla
727 1744 805 1810 nihil
829 1766 888 1812 nos
910 1744 1004 1811 docet
1018 1763 1123 1828 neque
1138 1742 1242 1810 tribus
1259 1741 1399 1808 eiusdem

135 1863 333 1948 paragraphi
362 1863 442 1930 locis
473 1864 544 1930 aliis
576 1863 631 1930 ubi
653 1885 712 1948 pro
736 1865 817 1930 κοιτνι
841 1868 925 1930 τοῦτο
948 1870 1044 1945 κοιροῦ
1068 1875 1090 1928 Β
1112 1861 1191 1945 legit
1212 1861 1299 1931 κοιποι,
1317 1864 1401 1926 τοῦτο

136 1987 186 2047 ποῦ
212 1988 308 2063 κοιροῦ
333 1982 480 2068 (rectius)
504 1987 537 2049 et
559 2004 619 2068 pro
643 1985 857 2049 ε’κεπεπέιιεοτο
981 1982 1078 2047 κοντοὶ
1100 1981 1205 2062 βροχύ
1229 2005 1256 2046 πι
1280 1979 1402 2047 variam

136 2100 306 2167 lectionem
323 2100 409 2167 haud
425 2102 642 2169 necessariam
658 2102 786 2169 exhibet
800 2103 1028 2169 νιπετεπέιιεοπο
1128 2101 1226 2181 πορνι
1241 2099 1346 2180 βροχύ
1362 2121 1400 2164 τι.

182 2335 288 2420 Caput
313 2337 333 2401 3
364 2341 384 2421 ξ
409 2339 436 2402 1.
467 2336 562 2420 Vulg.
586 2337 700 2417 κήρυκοι
718 2338 926 2417 προπέμπει
950 2340 1049 2412 αὐτοῖς
1072 2337 1213 2416 λέγοντο,
1254 2349 1404 2417 Βπροσ-
1464 2358 1466 2360 ·

138 2481 288 2534 πεμπει.
342 2457 436 2524 Valla
472 2457 542 2539 „Ad
573 2479 654 2543 quos
786 2460 1030 2527 caduceatorem
1061 2455 1267 2546 praemittit.”
1323 2456 1403 2524 (lum

138 2575 314 2658 προπέμπειν
346 2582 414 2644 tum
448 2578 650 2660 προσπέμπειν
682 2579 726 2658 in,
746 2579 826 2646 locis
856 2580 960 2665 qualis
995 2585 1044 2647 est
1073 2586 1182 2647 noster
1205 2599 1226 2644 a
1249 2578 1403 2662 scriptore

137 2703 336 2783 usurpantur
353 2699 390 2784 ¹).
436 2699 519 2779 Quin
542 2701 638 2767 etiam
661 2700 713 2767 hie
736 2701 916 2783 προπέμπειν
940 2698 1172 2785 significantius
1196 2698 1316 2764 dictum
1332 2717 1403 2764 esse

137 2819 233 2901 puto:
250 2815 406 2902 Gylippus
421 2816 676 2903 primolegatum
689 2841 760 2885 oum
772 2819 933 2887 mandatis
945 2818 1123 2904 praemittit
1137 2818 1178 2885 ad
1190 2817 1402 2884 Athenienses

136 2934 187 3001 κοιι
210 2937 291 3013 aerei
314 2942 398 3003 τοῦτο
419 2938 733 3021 οινπιπνιρεοιιευοιζονπο
756 2940 896 3014 attilae
918 2941 954 3010 ὥς
978 2941 1007 3011 ἐς
1031 2935 1136 3017 aalma
1163 2932 1201 3026 (ἓ
1163 2936 1269 3019 (2).

182 3052 263 3120 Ihid.
288 3053 380 3138 Vulg.
404 3054 541 3150 εἰξινοιι’
526 3082 564 3123 εν
579 3066 632 3133 πῆς
649 3058 803 3143 zvaraim,
820 3057 1023 3142 Bpraeposit
1023 3057 1128 3124 ionem
1144 3056 1277 3124 omitttit
1236 3055 1404 3123 trt.Valla

141 3172 271 3254 „Sicilia
309 3174 495 3243 discedere'
535 3177 744 3244 desiderat
735 3198 768 3242 1n
806 3178 951 3245 versione
985 3180 1035 3255 ἐκ,
1071 3175 1159 3260 quod
1181 3176 1221 3242 de
1243 3176 1379 3242 indust
1339 3180 1403 3242 trra

136 3291 258 3359 factum
293 3292 335 3359 eit
369 3300 507 3378 oportet.
553 3293 639 3361 Alibi
670 3295 754 3361 enim
784 3295 818 3360 in
848 3295 928 3361 locis
957 3294 1101 3379 gemellis
1130 3294 1402 3379 praepositionem

136 3412 296 3496 expressit
310 3411 361 3497 2).Ι
388 3411 458 3478 Etsi
491 3411 588 3497 igitur
623 3412 725 3498 magis
757 3412 945 3480 adducimur
975 3417 1012 3479 ut
1040 3413 1202 3499 vulgatam
1234 3417 1401 3498 praestare

139 3529 324 3615 credamuS,
351 3535 479 3611 tamen,
503 3531 579 3615 quia
601 3530 696 3599 Valla
719 3532 864 3599 consulto
888 3534 919 3598 ἐν
943 3531 1098 3616 neglexit,
1123 3533 1156 3597 in
1180 3537 1330 3617 promptu
1354 3537 1404 3598 est

140 3651 253 3731 putare
278 3647 466 3733 scriptorem
489 3669 525 3713 re
546 3668 623 3715 vers
646 3648 794 3716 Vaticani
818 3648 944 3717 dedisse
967 3650 1147 3716 lectionem.

184 3764 260 3855 §3.
283 3766 375 3853 Vulg.
406 3767 541 3850 ἡσύχαζε
571 3769 639 3850 πρὸς
669 3773 710 3850 τῷ
740 3772 880 3837 ἑαυτοῦ·
904 3771 1015 3851 τείχει,
1046 3783 1068 3835 Β
1099 3772 1245 3837 icardo.
1291 3769 1403 3837 Valla:

142 3884 288 3968 „quietos
319 3885 407 3969 (suos
430 3884 554 3972 Nicias)
582 3884 643 3952 sub
666 3907 758 3954 muro
781 3892 958 3954 castrorum
981 3887 1107 3954 tenuit''
1130 3908 1318 3971 pronomem
1340 3908 1404 3954 non

138 4001 285 4069 reddens.
333 4001 474 4070 Verbum
510 4004 669 4086 ἧννχνιζειν
705 4005 734 4072 si
769 4026 878 4073 sumas
912 4010 1078 4092 neutrum,
1119 4006 1321 4072 scribendum
1355 4012 1405 4073 est

146 4185 389 4193 —m

172 4299 201 4364 ι)
219 4299 256 4350 cr.
273 4299 300 4363 ι,
319 4299 362 4364 no,
380 4300 405 4352 ι.
421 4298 454 4365 e,
473 4299 516 4364 vo,
534 4299 558 4352 s.
575 4301 604 4364 e,
622 4300 667 4365 ss,
687 4301 711 4354 a.
729 4300 758 4364 ι,
777 4300 837 4364 ιιι,
855 4300 879 4352 ι.

172 4395 232 4465 ιρι
264 4395 341 4460 uos,
359 4395 384 4448 ι.
401 4395 430 4462 ο,
448 4395 488 4462 ev,
506 4396 531 4447 ι.
548 4396 576 4462 ι,
595 4395 639 4462 rs,
656 4396 680 4447 ι.
698 4397 760 4462 ιιι,
777 4397 802 4448 ι.
819 4397 847 4462 ο,
865 4397 911 4462 ee,
929 4396 953 4449 e.
1077 4429 1078 4436 ι
