3098 4988
825 325 868 394 74

214 567 255 631 ad
278 565 501 651 pugnandum,
526 585 589 630 non
613 565 724 649 utique
747 564 938 651 turpitudini
962 570 1060 650 atque
1084 565 1232 634 dedecori
1248 566 1388 632 dandum
1406 585 1476 631 esse

213 687 241 751 si
272 686 354 751 nolis
389 683 495 751 subire
531 684 620 750 nulla
656 684 780 751 ratione
812 681 1016 769 periculum'’.
1066 684 1155 761 Quae
1186 684 1245 749 etsi
1277 683 1476 751 subobscura

213 809 423 886 contortaque
460 808 533 868 sunt
564 803 675 877 verba,
712 808 847 888 apparet
879 808 987 869 tamen
1019 823 1092 868 eum
1122 823 1180 886 pro
1204 800 1275 867 όπου
1299 802 1477 868 sententiae

211 922 301 988 initio
332 928 389 989 aut
411 944 469 1006 pro
494 922 638 1007 sequenti
661 919 730 986 όπου
753 947 786 987 πε
809 922 925 1007 legisse
948 921 1051 1006 όπόπε,
1076 921 1163 1005 quod
1187 919 1331 986 Stahlius
1356 920 1479 1004 conjec-

211 1045 284 1106 tura
307 1048 356 1106 est
379 1042 558 1106 adsecutus.
582 1038 620 1104 In
644 1039 850 1124 sequentibus
875 1040 1033 1106 consentit
1048 1040 1197 1123 vulgatae
1213 1040 1246 1104 in
1263 1060 1340 1106 voce
1356 1038 1475 1117 dudyur

214 1159 322 1238 „nulla
347 1158 505 1235 ratione”‚
531 1159 618 1244 quod
641 1159 674 1223 in
697 1159 724 1222 Β
748 1159 958 1244 depravatum
982 1166 1032 1226 est
1054 1161 1087 1225 in
1109 1160 1210 1240 όλόγῳ.

255 1277 334 1343 Ibid.
366 1277 456 1362 Vulg.
488 1277 589 1356 ἔσποοι,
619 1288 640 1340 Β
664 1275 798 1362 ἕξόσσοιι,
830 1278 934 1343 minus
965 1285 1060 1344 recte.
1105 1278 1183 1344 Post
1217 1277 1419 1354 ύμοινόσοιοόοιι
1451 1275 1478 1340 Β

211 1396 297 1463 solus
320 1397 431 1462 inserit
453 1393 514 1460 όποι
538 1420 573 1460 πε
595 1395 769 1472 βοόλοιποι,
794 1415 878 1480 quae
895 1395 992 1462 verba
1008 1397 1035 1462 si
1050 1396 1240 1473 retinemus,
1263 1417 1336 1461 cum
1354 1394 1478 1461 Stahlio

209 1519 364 1584 mutanda
388 1522 462 1582 sunt
483 1516 517 1581 in
540 1517 627 1581 ύπόπε
649 1516 816 1594 βούλονποι.

253 1634 277 1726 ξ
302 1637 330 1702 3.
353 1636 443 1720 Vulg.
468 1637 625 1713 ἧσσςόῶσι,
652 1642 755 1713 recte;
779 1634 806 1699 B
830 1637 1001 1711 ύπσοοσόύσι.

253 1754 335 1822 Ibid.
363 1754 454 1837 Vulg.
479 1755 495 1828 ἢ
519 1754 596 1819 ποόνυ
620 1777 657 1830 με
680 1753 811 1835 οόνοόνιιρς
835 1754 862 1817 Β
885 1754 1003 1839 injuria
1020 1754 1138 1820 omittit
1153 1754 1286 1836 οόνοόγιιρ,
1303 1773 1367 1836 quo
1384 1774 1475 1819 voca·

208 1870 284 1938 bulo
314 1879 385 1939 tota
415 1871 590 1955 disputatio
624 1871 744 1936 nititur.
793 1870 903 1938 Valla:
939 1871 1069 1954 „aliqua
1098 1891 1231 1955 prorsus
1266 1870 1475 1936 antecedente

209 1988 431 2056 necessitate&

252 2106 331 2197 §4
366 2107 457 2191 Vulg.
492 2107 524 2183 ἥν
553 2130 608 2171 που
640 2107 733 2188 κοιρός
765 2106 834 2186 εἴη,
866 2107 893 2172 Β
925 2114 1012 2175 recte
1041 2106 1067 2190 ᾖ.
1115 2107 1208 2174 Valla
1242 2106 1362 2187 „sicubi
1394 2106 1477 2174 foret

211 2224 458 2310 opportunum”.

254 2463 358 2548 eaput
381 2462 422 2527 28
439 2460 470 2551 ᾖ
494 2464 524 2526 2.
556 2461 650 2546 Vulg.
681 2464 712 2527 ού
735 2461 970 2542 προσδεχομένων
993 2462 1063 2526 ἄλλ’
1087 2463 1104 2536 ἢ
1128 2461 1267 2533 Ἀππικύις
1297 2467 1368 2535 νοιύς
1392 2459 1475 2529 εἶνοιι.

208 2580 235 2643 Β
267 2586 342 2647 ante
376 2587 445 2654 νοῦς
479 2579 592 2645 inserit
626 2579 696 2663 πός,
732 2600 795 2645 non
826 2578 927 2658 male,
961 2599 1065 2663 neque
1096 2584 1205 2645 tamen
1237 2579 1391 2646 articulus
1424 2587 1473 2648 est

208 2699 415 2766 necessarius.

252 2817 331 2907 §4
367 2817 458 2901 Vulg.
494 2815 559 2888 πούς
590 2819 617 2880 π’
639 2815 800 2895 ἐπικούρους
830 2815 896 2887 τοὺς
928 2813 991 2893 περὶ
1022 2817 1070 2879 τὸν
1102 2814 1251 2896 Ἀμόργου
1283 2817 1366 2896 πυρόν
1393 2820 1476 2900 σφοῖς

209 2938 314 3010 οὐτοὺς
343 2938 526 3015 κομόσονπες.
574 2935 627 3001 Sic
653 2935 751 3001 etiam
774 2943 862 3001 recte
885 2935 996 3001 Valla:
1034 2935 1224 3021 „Caeterum
1248 2936 1369 3003 auxilia
1393 2957 1476 3021 quae

209 3058 294 3122 circa
318 3077 352 3122 se
376 3056 530 3138 Amorgos
553 3054 712 3120 habuerat
830 3074 978 3137 recepere
1002 3052 1044 3118 ad
1068 3051 1131 3119 se'’.
1176 3053 1203 3116 Β
1227 3059 1301 3138 post
1323 3054 1475 3136 Ἀμόργου

108 3152 111 3158 4
208 3175 299 3242 addit
320 3176 368 3239 τόν
392 3172 577 3251 Πισσούθνου,
600 3193 683 3257 quae
707 3171 801 3238 verba
824 3174 1022 3255 quantopere
1045 3170 1222 3254 langueant
1245 3180 1472 3255 supervadent·

210 3317 289 3380 que,
324 3293 443 3378 optime
477 3291 571 3358 docet
602 3291 869 3367 Herwerdenus,.
889 3291 943 3375 qui
970 3290 1040 3374 jam
1066 3287 1091 3378 ξ
1115 3291 1134 3355 3
1160 3287 1284 3356 Stahlio
1316 3292 1475 3376 probante

209 3412 351 3497 spuriam
380 3413 530 3474 naturam
558 3408 834 3492 interpretamenti
865 3405 1035 3472 Πισσούθνου
1066 3407 1138 3471 νόόον
1169 3407 1226 3472 υἱόν
1256 3409 1423 3490 ύφεσπῶποι
1446 3411 1475 3476 δὲ

207 3529 354 3608 βασιλέως
387 3527 473 3592 hisce
506 3527 626 3611 arguit:
660 3526 759 3610 „Delo
791 3525 946 3591 scholium
977 3525 1114 3610 petitum
1144 3546 1162 3591 e
1194 3546 1263 3610 cap.
1288 3524 1309 3590 5
1333 3533 1413 3594 extr.
1437 3549 1474 3594 eo

206 3647 268 3713 hoc
297 3646 367 3711 loco
398 3644 551 3728 ineptius,
576 3644 663 3728 quod
693 3641 717 3732 Β
741 3645 761 3708 2
785 3643 853 3709 sine
884 3642 951 3709 ulla
973 3642 1111 3708 hominis
1136 3642 1350 3726 descriptione
1374 3666 1470 3728 prae-

208 3767 371 3832 cesserant
402 3761 515 3828 verba:
551 3762 754 3844 Τισσαφέρνης
787 3763 875 3827 πεόόει
900 3761 1004 3834 οούσοὺς
1027 3761 1076 3826 ἐπ’
1097 3760 1205 3847 ”Ιοιοον,
1230 3763 1258 3826 ἕν
1283 3759 1302 3844 ᾗ
1324 3763 1473 3845 Ἀμόργης

206 3884 342 3960 πολέμιος
366 3882 401 3946 όν
424 3887 564 3962 προσεῖχε,
590 3886 728 3947 πνεῦσον.
760 3879 964 3947 Rectissime:
997 3900 1072 3945 nam
1096 3877 1278 3945 confidebat
1299 3879 1472 3950 historicus

205 4002 360 4069 lectorum
384 4020 513 4067 suorum
536 3998 707 4084 memoria,
732 4005 845 4066 nostra
867 3999 1006 4067 fortasse
1029 3998 1196 4082 aliquanto
1219 3997 1393 4070 fideliore”.

251 4235 356 4321 caput
378 4236 420 4301 29
444 4193 523 4323 sn.
554 4233 648 4319 vag.
678 4233 745 4316 ιρι
776 4234 911 4320 satur,
942 4246 964 4299 ι
996 4233 1114 4299 aaran
1142 4234 1220 4315 ιρι.
1255 4232 1367 4303 uaria:
1402 4257 1471 4323 „so-

206 4356 331 4421 luturus
356 4359 405 4438 (ut
427 4351 602 4440 dicebat)’'.
