3098 4988
843 327 888 393 34

231 563 315 631 Sane
338 564 494 651 eliganter
518 566 675 648 Stahlins,
699 570 732 632 in
756 566 861 653 Symb.
886 565 965 651 phil.
988 566 1092 631 Bonn.
1114 586 1147 650 p.
1163 564 1368 645 390,100um
1383 563 1500 630 misere

231 681 441 767 depravatum
464 685 618 753 correxit:
642 687 691 751 καὶ
714 683 783 764 ἅμα
805 692 873 758 παῖς
896 691 966 763 γοῦν
990 686 1088 751 ναυσὶν
1095 734 1106 770 ,
1129 682 1148 768 ᾗ
1173 687 1338 766 πρότερον
1362 683 1498 764 ἒθοθρσησι

229 805 397 885 speratam
430 805 491 872 nisi
522 805 606 874 forte
636 805 731 874 Valla
761 811 794 872 et
825 803 982 872 Vaticano
1005 802 1091 870 freta
1114 805 1262 887 praestat
1283 801 1399 882 lectio,
1423 822 1497 869 voce

229 924 331 1004 θαρρῶν
354 923 389 989 in
410 930 528 1002 panno
551 929 692 992 mutata:
707 924 758 990 καὶ
773 921 841 1002 ἅμα
856 929 923 996 ταῖς
940 928 1010 1000 γοῦν
1026 919 1126 987 ναυσὶν
1141 924 1283 999 μᾶλλον
1299 920 1316 995 ἢ
1333 918 1400 1000 πρθ
1405 944 1498 1002 τερον

229 1042 367 1122 ἕθαρσηοε
395 1043 555 1124 κρατηθείς,
601 1042 684 1122 Quid
715 1043 829 1109 mirum
862 1043 889 1109 si
918 1041 1077 1109 eredimus
1108 1038 1233 1106 Niciam
1261 1041 1364 1126 magis
1395 1040 1497 1108 classe

231 1159 384 1229 confisum
408 1181 478 1228 esse
499 1166 633 1247 prepter
656 1182 806 1246 magnam
829 1160 1026 1247 pedestrium
1050 1159 1215 1245 copiarum
1239 1157 1363 1224 cladem
1386 1158 1423 1224 in
1443 1181 1497 1246 op·

229 1279 412 1365 pugnandis
434 1279 580 1365 Epipolie
603 1285 788 1368 acceptam,
821 1287 889 1347 tum
915 1280 1014 1347 etiam
1038 1279 1079 1345 ob
1103 1277 1239 1344 militem
1262 1276 1495 1345 valetudinem:

231 1398 300 1479 νθσιρ
328 1422 363 1462 σε
386 1397 446 1478 γαρ
470 1397 610 1480 ἐπιέζοντο
632 1399 702 1464 κατ’
727 1400 887 1481 ἀμφότερα
894 1447 904 1478 ,
928 1407 981 1474 τῆς
1003 1423 1038 1464 πε
1061 1398 1133 1478 ὥρας
1157 1402 1207 1463 ποῦ
1231 1399 1363 1462 ἐνιαυτοῦ
1387 1397 1498 1473 ταύτης

230 1517 314 1594 οὔσης
338 1519 367 1582 ἐν
389 1517 408 1602 ᾖ
428 1520 591 1585 ἀσθενοῦσιν
613 1516 749 1602 ἅνθρωποι
773 1517 929 1603 μάλιστα,
955 1516 1061 1582 καὶτὸ
1083 1515 1186 1599 χαρθον
1207 1513 1277 1593 α”ριοι
1301 1517 1329 1581 ἐν
1355 1509 1498 1599 ᾧέσπρα

230 1634 401 1702 ποπέθευνπο
423 1636 524 1708 ἑλῶδες
548 1635 598 1701 καὶ
621 1636 760 1717 χαλεπὸν
784 1632 825 1710 ἦν.

274 1752 299 1843 ξ
314 1755 344 1822 2.
367 1754 458 1842 Vulg.
473 1756 674 1837 τρέψονται.
691 1756 717 1821 Β
734 1760 823 1822 recte
838 1755 1045 1836 θρέψονται,
1061 1753 1148 1839 qued
1159 1752 1253 1821 Valla
1268 1753 1499 1838 interpretatus

231 1877 298 1941 est:
326 1894 379 1954 „se
403 1873 555 1942 alerent’.

274 1989 353 2058 Ibid.
377 1991 469 2078 Vulg.
491 2013 660 2078 perperam
684 1993 750 2067 τὰς
773 1997 830 2059 σῶν
853 1993 1018 2076 πολεμίων,
1041 2003 1064 2057 Β
1091 1990 1146 2057 πθ.

277 2225 382 2313 Caput
401 2229 446 2295 50
467 2226 493 2319 ξ
518 2231 545 2295 l.
569 2227 659 2316 Vulg.
682 2231 711 2302 ἐς
735 2229 842 2315 φίλια,
867 2241 889 2296 Β
914 2231 943 2302 ἐς
965 2226 1115 2316 Φιλθα,(θι
1138 2231 1167 2302 ἐς
1190 2227 1305 2307 witlac.
1331 2226 1430 2295 Valla
1447 2227 1499 2310 „in

229 2346 397 2434 gratiam'.
443 2348 490 2415 De
512 2347 649 2416 lectione
672 2369 737 2417 non
760 2346 856 2434 plane
880 2352 1014 2415 constat

275 2466 356 2533 Ibid.
388 2467 480 2553 Vulg.
514 2468 528 2533 ὅ
558 2466 587 2533 δὲ
613 2468 763 2541 Γύλιππος
787 2464 883 2542 ἄλλην
906 2491 940 2532 σε
962 2466 1103 2548 σπρασιιὶν
1126 2466 1237 2541 πολλὴν
1260 2465 1356 2552 ἔχων,
1381 2477 1405 2533 Β
1431 2465 1446 2531 θ
1469 2464 1498 2531 δὲ

231 2596 265 2651 Γ.
295 2585 391 2662 ἄλλην
421 2588 562 2668 οσραπιθιν
592 2587 669 2667 ἔχων
699 2588 820 2663 πολλήν.
854 2586 967 2655 Valla:
1000 2585 1177 2673 „Gylippns
1201 2590 1308 2653 autem
1332 2587 1497 2655 adducens

232 2723 339 2770 secum
360 2703 393 2772 tt
416 2726 455 2771 ex
479 2704 589 2772 Sicilia
612 2726 762 2791 magnam
785 2707 848 2773 vim
870 2705 1007 2773 militum
1029 2704 1063 2774 et
1086 2703 1176 2792 sqq'’.
1211 2704 1388 2791 Oepulam,
1412 2725 1497 2772 nunc

227 2821 300 2907 jure
324 2823 483 2904 additam,
508 2825 627 2893 emittit
649 2826 687 2892 B.
1022 2906 1025 2912 ,

275 2937 343 3030 §2
375 2940 467 3027 Vulg.
498 2942 600 3008 δθνπισν
630 2945 790 3024 Κυρηναίων
819 2945 936 3027 πριηρεις
964 2943 1024 3029 ,δύο
1047 2943 1097 3010 καὶ
1120 2950 1171 3011 τοῦ
1194 2949 1305 3018 πλοῦς
1329 2940 1496 3030 θθιαθναι,

230 3070 253 3124 Β
275 3059 349 3126 δυοῖν
370 3081 539 3146 perperam
562 3083 621 3148 pre
637 3064 700 3144 δύο,
716 3064 802 3132 eolus
817 3071 924 3133 autem
939 3069 1025 3132 recte
1041 3069 1139 3131 raet.
1163 3063 1275 3131 Valla:
1295 3083 1415 3148 „quum
1427 3114 1434 3130 .
1447 3113 1455 3129 .
1468 3110 1497 3128 ..

231 3181 277 3247 eis
293 3180 448 3268 Cyrenaei
464 3182 546 3249 duas
561 3183 707 3250 triremes
720 3183 900 3264 dedissent,
916 3189 949 3250 et
960 3183 1128 3250 faciendae
1140 3182 1352 3269 navigationis
1364 3182 1494 3251 duces''.

275 3297 300 3390 ξ
322 3300 352 3366 3.
375 3299 468 3387 Vulg.
491 3301 572 3368 ἀλλ’
597 3301 615 3377 ἢ
639 3304 686 3378 μη
709 3307 839 3384 φανερῶς
854 3327 892 3381 γε
908 3301 995 3380 οὶξιῶν
1009 3301 1207 3389 ψηφθζεσθαι,
1223 3301 1251 3366 Β
1267 3307 1301 3368 et
1316 3302 1495 3388 complures

232 3417 288 3484 alii
315 3418 391 3485 libri
419 3417 508 3485 clato
538 3421 565 3485 εἰ
597 3423 663 3506 μη,
694 3441 791 3506 quam
822 3420 994 3488 lectionem
1025 3421 1173 3490 omnibus
1197 3419 1272 3487 viris
1295 3419 1399 3487 doctis
1423 3439 1496 3505 pro·

231 3535 382 3606 bentibus
413 3539 523 3626 Poppo
554 3539 687 3608 refellit:
725 3541 859 3626 „Itaque
894 3542 910 3618 ἢ
946 3543 1083 3628 primum
1107 3561 1165 3626 per
1187 3542 1212 3606 εἰ
1234 3541 1277 3618 μη
1300 3538 1496 3622 explicatum

231 3653 366 3735 videtur,
390 3656 503 3725 deinde
527 3658 656 3743 negatio
679 3661 722 3736 μη
745 3658 786 3726 ab
810 3660 1016 3727 emendatore
1040 3657 1170 3744 addita,
1194 3663 1231 3725 ut
1248 3658 1320 3724 loco
1336 3655 1497 3724 sententia

232 3773 420 3843 constaret’'.
450 3775 543 3843 Valla
565 3782 653 3844 recte
679 3782 735 3858 „ut
760 3777 852 3846 Nicia
870 3779 938 3865 jam
962 3799 1027 3846 nen
1050 3777 1131 3845 adeo
1155 3775 1414 3857 contradicente,
1442 3773 1497 3843 eed

230 3896 357 3960 tantam
379 3894 562 3979 postulante
585 3917 626 3963 ne
649 3897 758 3983 palam
781 3895 1032 3964 decerneretur.’'

275 4010 354 4103 §4
388 4012 478 4098 Vulg.
511 4017 553 4087 ὥς
589 4016 613 4080 οἱ
646 4016 768 4094 μοθνπεις
801 4014 955 4094 ἐξηγοῦντο
962 4064 972 4099 ,
1007 4012 1094 4087 naa
1117 4016 1175 4095 ὥς,
1207 4018 1296 4081 certo
1319 4011 1496 4085 certius&

231 4132 321 4199 varia
343 4133 437 4200 lectio
461 4133 608 4201 ducenda
631 4138 681 4200 eet
698 4134 796 4223 juxta
816 4136 856 4207 ὡς
879 4134 1009 4219 proprie
1032 4133 1171 4218 adpicta.

275 4365 380 4453 Caput
413 4369 455 4433 51
490 4365 515 4458 ξ
550 4369 579 4433 1.
614 4366 705 4452 Vulg.
739 4369 763 4433 ol
796 4369 825 4434 et
856 4371 1023 4453 Συρακόσιοι
1049 4369 1098 4434 καὶ
1127 4368 1209 4433 αὐτοὶ
1233 4373 1317 4436 τοῦτο
1342 4368 1498 4449 πυθθραενοι
