3098 4988
692 289 785 357 83.

77 530 134 589 τῶν
167 522 375 589 δυνατωτάτων
405 523 519 609 ἀνδρῶν,
553 527 604 598 τὴν
635 525 753 603 γνώμην
784 521 864 606 εἶχον
894 533 988 590 πλεῖν.
1003 551 1006 557 ·
1022 524 1100 590 (lum
1127 524 1289 608 Kruegero
1313 527 1346 588 et

78 642 293 710 Herwerdeno
316 643 489 709 delendum
514 649 562 709 eet
586 644 662 724 οὶσό,
687 644 772 728 quod
797 650 833 710 ut
855 643 925 711 loeo
948 643 1082 729 gemello
1106 642 1263 709 stabiliret
1280 660 1345 708 non

79 761 231 828 Classeno
262 761 366 826 cessit
399 761 489 827 Bex
512 762 708 828 correctione
739 764 1081 843 ε’πικνρνκενομένσι.
1130 761 1238 827 Valla:
1275 760 1344 839 „Illi

79 903 100 946 a
121 880 315 965 primoribus
339 879 533 947 Rhodiorum
557 880 685 966 publice
709 882 856 948 accersiti
878 881 1112 948 constituerunt
1133 879 1210 945 illue
1232 878 1306 945 ire'’.

123 997 147 1087 ἓ
171 1000 201 1063 2.
234 998 326 1082 Vulg.
357 998 573 1078 προσβαλόντος
596 1001 729 1081 Καμείρῳ
752 1009 804 1073 τῆς
829 999 937 1073 Ῥοδίας
962 999 1042 1079 πρός
1066 1001 1127 1071 την
1151 997 1244 1062 ναυσί.
1280 997 1343 1064 Pro

79 1118 176 1184 stulto
208 1121 275 1196 πρὸς
307 1119 358 1191 σὺν
381 1117 408 1182 Β
431 1118 518 1183 solua
550 1121 692 1198 πρῶτον.
730 1118 840 1184 Valla:
877 1139 993 1203 „quum
1017 1118 1059 1185 ad
1083 1115 1243 1183 Geminum
1268 1137 1344 1183 orae

78 1237 224 1304 Rhodiae
255 1236 415 1322 primum
446 1235 675 1320 appulissent.''
722 1237 953 1303 Herwerdenus
982 1241 1015 1301 et
1037 1234 1177 1302 Stahlius
1202 1233 1345 1300 scribunt

77 1358 207 1437 Καμίρῳ.

124 1475 204 1551 Ibid.
237 1474 329 1558 Vulg.
361 1474 526 1558 ἔφευγον,
551 1486 573 1537 Β
597 1475 741 1556 ἔφυγον,
777 1473 913 1541 fortasse
937 1474 1044 1558 aptius
1063 1474 1157 1559 juxta
1181 1473 1344 1555 ἐφόβησαν.

78 1593 187 1661 Valla:
216 1600 272 1675 „ut
295 1592 336 1659 ab
361 1592 439 1659 urbe
462 1592 700 1678 profugerent’.

125 1714 209 1782 Ibid.
233 1713 324 1797 Vulg.
348 1713 452 1779 Λίνδου
472 1738 506 1778 τε
532 1713 581 1777 καί
606 1716 746 1790 Ἰηλνοοῦ.
780 1712 883 1780 Stulte
906 1712 1018 1779 addita
1041 1712 1158 1796 copula
1179 1736 1213 1776 τε
1236 1717 1347 1777 carent

78 1834 162 1900 Bet
186 1832 298 1899 Valla:
339 1831 461 1912 „Lindo
485 1838 518 1897 et
541 1830 671 1916 Ielyso'’.
1217 1825 1219 1829 ’

125 1958 145 2035 ξ
170 1952 190 2017 3
216 1951 308 2035 Vulg.
339 1951 522 2031 ἐφάνησαν
546 1951 698 2031 πελάγιοι,
722 1949 878 2035 potiorem
904 1949 985 2015 duco
1001 1949 1171 2016 lectionem
1187 1947 1347 2013 Vaticana

80 2072 328 2154 ἐπεφάνησαν,
354 2091 437 2154 quae
461 2076 638 2154 usurpatur
661 2071 700 2136 de
723 2070 780 2147 iis,
805 2091 889 2154 quae
914 2069 1064 2135 accidunt
1080 2074 1209 2152 praeter
1224 2065 1345 2150 opinio-

81 2211 171 2270 nem3
203 2190 308 2274 qualis
340 2189 529 2275 significatio
560 2190 592 2255 in
623 2195 733 2256 nostro
763 2188 834 2255 loco
865 2210 930 2255 non
953 2189 1036 2254 inest
1059 2185 1115 2270 (cf.
1141 2207 1166 2252 a.
1190 2186 1233 2249 42
1257 2190 1277 2268 ὅ
1302 2187 1346 2266 2).

82 2311 193 2377 Valla:
221 2311 273 2391 „in
296 2309 433 2376 hostium
459 2315 665 2395 conspectum
688 2308 871 2377 venerunt”.

126 2547 232 2631 eaput
255 2547 299 2610 45
322 2544 346 2636 ἓ
371 2548 398 2612 1.
427 2546 520 2632 Vulg.
545 2545 740 2623 ’Λλκιβιοίδης
763 2545 844 2623 μετόν
866 2545 915 2610 τόν
938 2544 1101 2615 Χαλκιδέως
1125 2542 1248 2609 όοίνοοτου

82 2665 209 2737 ὕποπτος
233 2666 286 2742 dia
313 2665 339 2730 Β
364 2665 489 2732 soloece
513 2666 603 2732 addit
624 2670 700 2731 ante
723 2666 805 2743 μετα
829 2665 977 2749 copulam
997 2688 1048 2748 σε,
1065 2683 1148 2747 quae
1164 2683 1227 2728 non
1243 2669 1347 2728 exstat

81 2785 168 2870 apud
201 2784 346 2852 Vallam:
385 2785 589 2871 „Alcibiades
620 2790 692 2868 post
724 2783 887 2851 Chalcidei
921 2802 1032 2849 necem
1156 2782 1189 2847 in
1213 2781 1346 2866 euspici-

82 2925 174 2970 onem
198 2902 309 2970 venit’‘.

125 3021 206 3087 Ibid.
232 3022 322 3107 Vulg.
346 3020 401 3086 νίπ’
427 3023 521 3088 αὐτῶν
543 3022 722 3105 ἀφικομένης
747 3023 901 3096 ἐπιστολῆς
925 3022 992 3101 πρός
1013 3019 1177 3099 Ἀστύοχον
1199 3021 1234 3083 εἰι
1247 3030 1346 3085 Λακε·

82 3141 213 3218 δαίμονος
244 3139 311 3205 ὥστ’
341 3142 521 3209 οίποιιτείναι.
555 3141 609 3204 ἀπ’
641 3143 735 3205 αὐτῶν
766 3145 799 3205 et
829 3143 860 3204 ἐν
892 3138 1108 3215 Λακεδαίμονος
1139 3139 1235 3222 plane
1261 3136 1347 3209 idem

83 3259 190 3325 valent
220 3259 356 3343 ideoque
383 3258 573 3325 alterutrum
597 3259 803 3344 rejiciendum
828 3258 1014 3324 existimans
1037 3256 1197 3322 includam
1221 3256 1346 3331 uncinis

83 3380 136 3442 ἀπ’
168 3379 281 3454 οὐσῶν,
316 3377 401 3461 qnod
425 3398 445 3443 a
468 3375 562 3442 Valla
585 3399 649 3443 non
672 3398 857 3462 expressum
880 3382 930 3442 est
954 3381 986 3441 et
1009 3376 1042 3440 in
1067 3374 1135 3455 παρ’
1160 3377 1253 3440 αὐτῶν
1277 3380 1349 3440 erat

85 3496 282 3562 mutandum.

128 3614 212 3680 Ibid.*
246 3612 338 3698 Vulg.
375 3612 407 3687 ἦν
437 3614 496 3693 γὰρ
527 3617 567 3694 τῷ
594 3613 696 3692 ’Άνιόι
728 3615 827 3695 ἐχθρός
860 3614 909 3679 καί
932 3611 1030 3686 ἄλλως
1054 3612 1346 3707 οίπιοποςῇἐφοοίνετο.

85 3732 234 3801 Editores
257 3753 296 3798 ex
319 3732 346 3797 B
369 3737 444 3817 post
465 3734 525 3811 γὰρ
548 3734 693 3799 inserunt
715 3734 783 3820 καί,
816 3734 905 3799 cuiue
929 3732 1121 3817 singularem
1146 3730 1349 3816 significatio·

86 3873 156 3919 nem
180 3872 244 3918 non
267 3851 364 3935 plane
386 3852 536 3936 intellego
560 3852 710 3940 quodque
733 3852 819 3937 apud
845 3851 970 3917 Vallam
993 3851 1130 3918 relatum
1153 3872 1217 3929 non
1240 3849 1346 3914 video:

91 3976 178 4050 „erat
201 3970 285 4036 enim
308 3970 403 4054 Agidi
426 3945 573 4038 inimicus
597 3976 629 4037 et
652 3971 773 4055 alioqui
795 3970 912 4037 infidus
934 3969 1141 4037 habeatne&
1339 3946 1342 3950 ’

130 4094 150 4172 ἓ
175 4091 205 4155 2.
229 4087 320 4172 Vulg.
343 4090 367 4151 οί
398 4088 427 4152 δὲ
458 4091 513 4160 τὰς
545 4095 613 4160 ναῦς
645 4091 842 4155 ἀπολείπωσιν
873 4089 1061 4160 ὑπολιπόντες
1093 4090 1122 4159 ἐς
1145 4088 1278 4165 ὁμηρείαν
1300 4087 1348 4151 τόν

87 4208 322 4289 προοφειλόμενον
345 4206 453 4284 μισθόν.
494 4208 520 4271 Β
544 4214 619 4273 ante
643 4209 830 4279 ὑπολιπόντες
854 4209 967 4274 inserit
989 4209 1062 4286 οὐχ,
1092 4227 1155 4289 qua
1178 4205 1347 4289 negatione

87 4326 214 4393 omnino
247 4347 310 4393 non
340 4347 509 4409 possumus
541 4348 657 4392 carere.
697 4326 790 4392 Valla
818 4325 965 4392 Vaticani
988 4326 1210 4391 auctoritatem
1235 4332 1345 4412 auget:
