3098 4988
758 294 802 373 2'4'

142 545 352 627 inficiabitur,
384 569 456 615 cum
488 547 586 614 verba
616 548 664 614 τὸν
697 549 784 614 αὑτὸν
814 549 918 629 τρότον
950 570 1015 616 uon
1046 549 1088 618 ad
1112 551 1263 637 proxime
1290 576 1423 640 praece*

143 668 271 757 dentia,
296 691 404 736 verum
427 670 469 736 ad
493 691 549 748 ea,
575 690 702 754 quaec.
722 669 763 734 37
781 669 924 736 narravit
940 669 1096 756 scriptor,
1113 677 1265 754 spectent
1281 673 1420 760 ideoque

142 786 231 861 οὖσαν
256 787 395 855 fortasse
429 788 527 874 paulo
562 787 736 874 simplicius
769 787 811 853 sit
851 785 980 854 dictum.
1028 789 1178 856 Attamen
1216 789 1304 858 nihil
1345 814 1420 881 nego

143 907 298 974 audaciae
328 907 398 975 fore
428 907 479 972 nal
510 906 603 991 τρῴνρν
632 907 667 972 in
689 911 813 973 textum
835 906 979 991 recipere
1003 906 1151 974 omnibus
1174 906 1272 976 libris
1299 912 1419 997 graecis

141 1027 257 1096 invitis.
304 1030 420 1114 Itaque
453 1029 532 1095 nihil
563 1026 697 1095 definio:
726 1048 797 1094 cum
820 1026 871 1091 act
895 1024 1008 1112 τρῴνρν,
1030 1031 1099 1092 tum
1122 1023 1201 1100 αὖθις
1226 1027 1419 1118 interpreta-

142 1152 285 1215 mentum
308 1169 379 1216 esse
401 1153 509 1234 potest
530 1146 699 1214 verborum
725 1147 771 1212 τὸν
795 1146 883 1213 αὑτὸν
907 1148 1023 1228 τρόπον.
1062 1147 1128 1215 Gur
1143 1155 1256 1218 autem
1274 1151 1324 1220 ad
1339 1150 1416 1221 hauc

140 1268 262 1335 variam
292 1266 461 1335 lectionem
494 1265 635 1332 animum
663 1265 871 1352 advenerim,
895 1264 979 1332 haec
1001 1263 1063 1333 fnit
1085 1287 1201 1346 cauea,
1229 1274 1267 1336 ut
1291 1270 1414 1340 Vallau

141 1387 263 1456 uussum
297 1407 423 1467 eorum,
459 1385 515 1470 qui
549 1385 591 1451 ad
626 1405 685 1451 uos
715 1389 945 1469 pervenerunt,
978 1382 1132 1452 librorum
1165 1392 1320 1455 secutum
1352 1410 1413 1459 esse

140 1513 320 1593 appareret.

184 1623 209 1715 ξ
239 1627 270 1694 2.
305 1624 398 1709 Vulg.
430 1630 463 1690 et
493 1636 515 1689 Β
546 1622 611 1701 πρὶν
633 1622 667 1697 δή
691 1621 831 1703 Ἀρίστων
956 1619 1071 1704 ἄριστος
1094 1623 1131 1688 ὢν
1154 1624 1341 1706 κυβερνήτης
1363 1632 1412 1694 τῶν

138 1745 220 1825 μετὰ
255 1741 436 1825 Συρακοσίων
471 1743 559 1808 πείθεο
589 1742 670 1814 τοὺς
701 1741 895 1824 σφετέρους
925 1747 985 1807 τοῦ
1016 1747 1187 1808 ναυτικοῦ
1218 1744 1411 1829 ἄρχοντας.

141 1863 255 1930 Merito
287 1861 461 1930 Classenus
494 1863 645 1949 opinatur
675 1863 709 1927 iu
737 1882 814 1928 voce
837 1861 994 1943 σφετέρους
1017 1861 1166 1929 mendam
1189 1864 1322 1934 inesse:
1350 1866 1409 1949 „In

139 1981 321 2068 folgendem
352 1980 430 2048 aber
462 1982 538 2049 sehe
567 1981 620 2048 ich
652 1980 705 2047 fiir
726 1981 882 2062 σφετέρους
905 1979 1000 2047 keiue
1023 1981 1185 2066 passeude
1208 1981 1408 2070 Beuiehuug:

138 2098 322 2186 uumdglich
344 2099 432 2167 kann
455 2121 489 2167 es
513 2100 595 2169 doch
618 2121 678 2166 ron
701 2098 763 2165 den
778 2098 962 2166 Aufiihrem
979 2098 1038 2165 der
1053 2098 1282 2170 lucrintischeu
1299 2100 1408 2171 Schilia

140 2219 333 2288 verstanden
357 2220 493 2288 werden.
518 2219 629 2309 (Dicte
652 2219 794 2287 kdnnten
818 2219 980 2287 alienialls
1003 2220 1069 2291 τοὺς
1085 2225 1136 2285 τοῦ
1151 2222 1304 2305 σφετέρου
1319 2247 1409 2291 ναυτι-

136 2348 187 2408 κοῦ
211 2339 359 2423 ἄρχοντας
384 2346 527 2426 genauut
550 2337 668 2428 seiu)‘'.
704 2338 865 2425 Imprimis
889 2359 971 2423 quae
995 2337 1119 2404 uncinis
1141 2337 1276 2411 inclusa
1292 2342 1410 2413 rettulit

136 2460 235 2528 verba
266 2461 412 2545 proxime
442 2459 570 2527 veritati
600 2459 753 2526 accedere
776 2464 873 2545 puto,
902 2457 965 2524 nisi
988 2456 1072 2524 forte
1095 2465 1245 2543 praestat
1271 2469 1408 2540 serrato,

136 2602 200 2668 quo
231 2582 412 2668 pronomini
444 2582 605 2668 emphasis
636 2581 793 2666 addatur,
824 2581 992 2647 verborum
1025 2579 1153 2648 ordine:
1176 2581 1247 2656 τοὺς
1274 2585 1411 2669 σφετέρου

135 2709 186 2769 τοῦ
210 2710 343 2770 ναυτικοῦ
369 2700 529 2784 ἄρχοντας.
575 2702 658 2768 Audi
681 2701 810 2768 Vallam
834 2701 1116 2786 interpretantem:
1137 2701 1282 2786 „suadet
1295 2702 1412 2794 primis

136 2844 213 2890 suae
246 2823 360 2891 classis
394 2820 560 2890 ducibus'’.
606 2820 699 2900 Quod
730 2825 837 2888 tamen
868 2820 1039 2888 Classenus
1070 2820 1192 2906 pergit:
1229 2821 1308 2902 „ich
1331 2824 1412 2892 hale

135 2964 170 3010 es
206 2941 259 3008 fiir
294 2939 526 3027 eingesohcben
560 2939 638 3006 oder
671 2936 909 3019 terechriebeu,
942 2937 1083 3006 viellicht
1113 2957 1172 3004 aus
1205 2939 1344 3033 ἑτέρους,
1373 2942 1412 3010 da

135 3060 266 3128 Ariston
291 3058 373 3127 doch
396 3058 480 3127 wohl
503 3059 586 3125 auch
610 3058 704 3124 einen
726 3056 840 3124 Befchl
862 3054 1003 3138 liihrte'',
1026 3057 1088 3123 hac
1110 3056 1145 3121 iu
1167 3077 1204 3123 re
1230 3079 1310 3128 cum
1333 3060 1411 3129 Her·

134 3179 280 3247 werdeno
312 3179 407 3246 aliter
439 3179 551 3245 sentio.
599 3176 764 3256 Quomodo
795 3175 879 3243 euim
903 3197 924 3242 a
946 3176 1130 3262 Thucydide
1153 3175 1294 3246 Ariston
1319 3178 1410 3248 modo

133 3297 248 3380 ἄριστος
282 3298 318 3362 ὢν
349 3297 526 3378 κυβερνήτης
559 3295 743 3382 appellatus
774 3299 875 3374 esset,
908 3294 934 3361 si
957 3295 1040 3361 idem
1064 3293 1162 3362 etiam
1185 3294 1411 3368 interclusis

14 3468 17 3477 .
138 3416 237 3483 duces
259 3415 423 3482 numerari
446 3413 599 3482 deberet?

178 3535 260 3604 Ibid.
294 3533 389 3619 Vulg.
423 3535 504 3615 ταροὶ
536 3536 588 3607 τήν
621 3533 776 3598 θάλασσαν
799 3541 988 3610 percurrisse
1012 3533 1257 3612 κσροίσαντας,·Β
1280 3560 1414 3612 arrasa·

133 3656 304 3730 στήσαντας
336 3652 385 3718 ἐπὶ
408 3654 461 3725 τήν
486 3653 640 3718 θάλασσαν
664 3654 792 3731 κομίσαι.
838 3653 949 3720 Lectio
973 3653 1033 3720 etsi
1056 3674 1122 3720 non
1143 3653 1244 3739 plane
1267 3663 1414 3744 constat,

133 3775 227 3841 modo
260 3772 400 3858 corrigas
431 3775 693 3854 μεταστήσαντες,
726 3772 903 3840 Vaticanus
937 3774 1083 3860 vulgatae
1106 3776 1265 3859 praestat
1325 3777 1416 3846 Valla

134 3894 313 3963 contortius
336 3892 431 3963 vertit
453 3912 550 3976 quam
573 3899 610 3958 ut
633 3913 673 3959 ex
696 3913 734 3960 ec
758 3892 836 3977 quid
858 3892 1028 3958 lucremur.

177 4015 257 4082 Ibid.
280 4012 373 4098 Vulg.
396 4018 482 4079 recte
505 4013 811 4093 οὶροστοτονήσσνταο,
834 4010 919 4078 BEG
941 4012 1234 4094 οὶροστοτοήσυνταε.

178 4248 284 4335 Caput
305 4250 350 4316 40
383 4246 407 4338 ξ
431 4249 462 4314 3.
485 4247 577 4332 Vulg.
600 4247 705 4328 μόρος,
728 4259 750 4313 Β
770 4247 856 4326 μόρος
880 4246 972 4314 unice
994 4267 1113 4317 verum.

179 4366 257 4462 §h
290 4368 383 4454 Vulg.
413 4369 436 4434 οἱ
460 4369 488 4432 δὲ
513 4368 679 4445 Συρακόσιον
703 4367 852 4447 δεξάμενοι
876 4367 1050 4446 ήρούνοντο
1073 4366 1122 4435 καὶ
1147 4375 1231 4445 ταῖς
1255 4396 1294 4445 τε
1316 4372 1415 4457 mir
1445 4432 1448 4491 i

1439 4494 1448 4575 l
