3098 4988
678 339 721 406 65

61 571 215 650 μένηιυ
244 572 365 641 Stahlio
390 594 454 641 non
476 579 648 660 receptum.
684 574 733 641 Ex
758 575 852 643 Valla
876 575 956 642 nihil
979 575 1161 662 proficitur:
1188 583 1333 663 „tempus

62 692 236 760 tererent’'.

109 809 191 877 Ibid.
213 811 304 898 Vulg.
329 812 462 896 ᾔσθοντο,
486 813 513 877 Β
536 814 655 881 rectius
679 816 842 898 ᾐσθάνοντο.

108 929 189 996 ibid.
223 932 458 1007 μᾶλλονπούτούς
481 933 589 999 omisit
610 934 656 1019 B,
680 934 806 1020 injuria.

108 1047 188 1139 §a
225 1049 317 1135 Vulg.
348 1051 372 1115 oi
404 1049 429 1114 δ’
453 1051 545 1128 ὀλίγοι
576 1050 731 1129 ξυνειδότες
742 1102 752 1132 ,
784 1053 811 1117 Β
835 1061 910 1122 anto
940 1055 1096 1133 ξυνειδότες
1127 1054 1242 1121 inserit
1264 1051 1333 1135 κου’,

63 1189 130 1254 qua
152 1168 193 1235 de
218 1169 334 1254 copula
357 1170 529 1238 Classenus
553 1171 617 1239 sio:
642 1174 666 1237 οἱ
689 1173 780 1250 ὀλίγον
803 1173 861 1238 aa>
886 1172 1042 1251 ξυνειδότες
1067 1174 1126 1239 mit
1148 1172 1221 1238 dem
1243 1171 1334 1250 Vat,

62 1289 113 1354 nal
146 1287 229 1354 fehlt
258 1289 292 1353 in
324 1289 387 1356 den
416 1288 551 1374 iibrigen
582 1289 674 1377 Hes,
705 1292 748 1359 ist
771 1290 849 1359 aber
872 1293 961 1359 nieht
984 1314 1022 1357 zu
1045 1292 1236 1359 antbehren:
1264 1289 1334 1371 „die

63 1428 104 1473 zu
127 1407 185 1473 der
209 1406 462 1492 oligarohisohen
485 1408 593 1475 Partei
617 1411 773 1495 gehdrten
795 1412 862 1478 und
885 1433 939 1478 um
963 1412 1015 1480 die
1038 1410 1142 1478 Saohe
1165 1404 1334 1475 wussten''.

64 1526 136 1593 Non
159 1527 292 1612 illepide
315 1548 393 1594 sane
417 1528 588 1612 explicatio
612 1538 663 1596 est
686 1551 788 1612 neque
812 1535 919 1596 tamen
944 1551 1015 1597 eam
1030 1531 1065 1596 in
1080 1529 1213 1597 Graecis
1229 1529 1334 1594 inesse

64 1647 231 1725 existim03
256 1647 283 1712 si
306 1646 383 1731 quid
409 1648 527 1714 mutari
550 1648 640 1724 lieet,
663 1649 825 1733 vulgatam
852 1650 938 1714 huno
960 1649 995 1713 in
1018 1648 1147 1715 modum
1162 1644 1332 1714 emendare

63 1765 175 1831 velim:
205 1767 230 1829 ol
262 1765 288 1829 δ’
319 1767 411 1844 ὀλίγον
442 1768 466 1832 οἱ
494 1765 664 1847 ξυνειδότες,
696 1767 782 1851 quod
804 1767 895 1833 nulla
917 1767 982 1833 fere
1006 1766 1183 1833 mutatione
1207 1763 1334 1831 elfioero

65 1904 245 1969 possumus.
293 1883 409 1952 Valla:
437 1904 595 1968 „quarum
618 1884 846 1952 mittendarum
869 1884 958 1951 fuere
982 1885 1133 1952 authores
1157 1891 1224 1950 tum
1240 1883 1332 1949 multi

65 2024 172 2070 rerum
197 2002 392 2088 agitaturum
409 2004 527 2083 nescii,
551 2009 618 2071 tum
634 2005 744 2089 pauci,
766 2005 821 2088 qui
837 2003 899 2071 sibi
914 2009 1059 2071 aetorum
1075 2011 1167 2071 erant
1182 2002 1334 2070 oonseii”.

111 2240 222 2324 Caput
247 2236 336 2327 1οξ
363 2240 392 2303 1.
416 2238 512 2324 Vulg.
536 2239 764 2318 ἐπηγγέλθησαν
780 2242 857 2319 γὰρ,
882 2240 908 2303 Β
932 2239 1024 2306 addit
1047 2241 1078 2304 ai
1101 2238 1231 2325 τπονδοιέ,
1249 2239 1335 2322 quod

66 2365 98 2425 et
120 2363 254 2444 propter
276 2358 297 2423 l.
321 2357 360 2426 V.
385 2378 409 2423 0.
433 2358 476 2423 49
501 2364 521 2442 ἓ
545 2360 566 2425 2
589 2360 787 2445 (ἐπηγγέλθαι
801 2411 808 2426 .
824 2411 830 2425 .
847 2407 876 2423 ..
904 2361 960 2432 τοὶς
984 2359 1124 2444 σπονδάς)
1148 2364 1181 2425 et
1204 2363 1336 2444 propter

67 2477 224 2564 pluralem
257 2477 484 2557 ἐπηγγέλθησαν
516 2479 717 2564 probandum
742 2477 896 2564 arbitror,
919 2477 1069 2562 quodque
1092 2484 1124 2544 et
1147 2477 1241 2544 Valla
1264 2476 1335 2542 red·

67 2597 166 2663 didit:
194 2596 335 2679 „indicta
357 2598 442 2664 enim
465 2597 596 2666 fuerant
618 2597 749 2665 foedera
771 2597 896 2664 dierum
918 2596 1105 2664 festorum.”

112 2713 195 2781 Ibid.
219 2714 310 2799 Vulg.
334 2722 518 2800 Κεγχρειῶν,
531 2729 565 2788 ,Β
588 2721 754 2798 Κεγχρεῶν.

111 2832 135 2923 ξ
159 2835 189 2899 2.
213 2832 307 2919 Vulg.
338 2835 362 2899 oi
389 2837 629 2912 ’Ataua7a1....
661 2839 793 2915 ἐπῆγον
815 2839 845 2909 ἐς
867 2838 901 2902 τὸ
924 2835 1077 2918 πέλοιγος,
1100 2847 1122 2899 Β
1147 2834 1280 2910 ὑπῆγον
1302 2833 1335 2898 in

70 2972 134 3037 quo
165 2951 261 3020 verbo
292 2953 460 3038 aptissima
490 2955 575 3021 inest
603 2955 764 3022 sententia
786 2954 946 3021 illiciendi.
992 2953 1086 3022 Valla
1108 2954 1136 3018 B
1160 2951 1334 3018 consentit:

71 3070 216 3152 „obviam
251 3079 362 3141 euntes
397 3073 610 3141 Athenienses
644 3076 781 3159 primum
812 3075 846 3139 in
874 3074 1009 3158 pelagus
1038 3071 1159 3139 hostem
1186 3069 1335 3156 (cursivo)

67 3192 326 3274 subducebant’';
359 3194 483 3285 fallitur
512 3201 619 3261 autem
650 3195 779 3262 verbum
811 3194 939 3272 υποὲγειν
970 3194 1077 3259 activa
1104 3189 1335 3276 significatione

68 3331 240 3396 usurpans.

110 3426 135 3518 ξ
159 3432 189 3496 3.
214 3430 305 3516 Vulg.
330 3433 436 3504 αὐτοὺς
459 3438 565 3516 reete,
588 3431 615 3496 B
639 3433 750 3502 οὐτοῖο.
795 3430 890 3498 Valla
913 3430 1071 3498 consentit
1093 3430 1249 3514 vulgatae.

113 3665 219 3752 Caput
244 3669 282 3733 11
308 3668 332 3758 ξ
356 3670 387 3738 3.
413 3669 506 3754 Vulg.
530 3675 617 3736 reate
642 3668 842 3748 ’Λλκιεμένει,
867 3681 889 3733 Β
914 3668 1094 3746 Ἀλκοιιιένη.
1126 3666 1236 3734 Valla:
1264 3664 1337 3745 „Al-

67 3783 223 3852 comem?

113 3901 196 3969 Ibid.
220 3904 312 3991 Vulg.
336 3905 528 3983 ἐβούλοντο
552 3905 689 3986 πέμπειν,
713 3919 735 3971 Β
760 3904 990 3984 ἐβουλεύοντο
1014 3904 1150 3980 πέμπειν.
1175 3903 1254 3970 Oum
1267 3903 1337 3988 jam

69 4019 172 4088 multo
204 4026 279 4089 ante
308 4024 554 4092 Lacedaemonii
586 4025 729 4109 ceperint
758 4023 925 4091 consilium
953 4021 1039 4088 chiis
1063 4021 1242 4106 opitulandi
1265 4041 1337 4086 oum

70 4139 215 4226 quinque
238 4143 372 4211 navibus
397 4144 568 4212 Chalcideo
592 4145 689 4226 duce,
717 4144 847 4211 lectioni
869 4143 1018 4210 Vaticani
1041 4141 1225 4219 ἐβουλεύοντο
1248 4141 1337 4207 loeus

67 4272 119 4332 est
148 4260 269 4330 nullus.
315 4263 474 4349 Vulgatae
505 4264 680 4348 respondet
710 4263 821 4329 Valla:
854 4282 972 4348 „naves
1002 4261 1141 4345 quinque
1164 4259 1337 4326 mittendas

71 4390 309 4455 censuerunt
331 4384 503 4452 Chalcideo
527 4383 641 4452 duoe.”
