3098 4988
819 329 860 395 88

210 569 362 635 articulus
397 568 535 634 addatur
572 568 701 633 minime
737 571 785 634 est
815 587 959 647 necesse,
990 565 1141 631 notabilis
1174 564 1389 650 significantia
1424 569 1476 630 111

208 686 372 753 Vaticani:
396 690 431 752 οὐ
454 688 519 759 τοὶς
543 688 720 768 ἐλαχίστας.
760 685 867 752 Valla:
895 687 948 767 „in
970 684 1056 751 illius
1079 684 1212 769 imperio
1236 705 1300 749 non
1325 683 1475 748 minimas

210 807 306 873 urbes
330 805 573 873 obtinentibue'’.

255 926 337 992 Ibid.
369 927 459 1011 Vulg.
492 928 543 1008 ὑφ’
573 923 608 991 ὧν
637 926 713 992 οὐδὲν
744 926 831 990 κοικὸν
861 925 999 1000 πέπονθε,
1033 935 1053 988 Β
1078 923 1155 988 οὐδέν
1178 947 1223 986 σω
1247 922 1352 1007 κοικόν,
1386 920 1477 986 cuiue

209 1046 355 1112 lectionis
378 1047 514 1130 quisque
537 1045 683 1130 agnoscit
707 1044 908 1128 elegantiam.
945 1042 997 1108 Sic
1020 1041 1131 1108 Valla:
1158 1061 1198 1120 „a
1222 1039 1338 1124 quibus
1363 1038 1478 1104 nihil·

210 1166 294 1231 dum
317 1168 393 1233 mall
416 1187 531 1250 passus
555 1163 631 1230 est'.

253 1282 278 1373 ξ
309 1286 339 1350 6.
370 1284 464 1367 Vulg.
496 1281 601 1361 ἄκριτοι
632 1279 668 1344 ἄν
698 1280 747 1344 uui
774 1279 978 1359 βικιότεοον
1001 1280 1199 1355 ἀποθνήσκειν.
1235 1279 1343 1344 Recte.
1380 1276 1479 1343 Valla

212 1402 378 1483 „inaudita
401 1422 499 1467 causa
521 1401 666 1466 homines
691 1405 788 1482 atque
811 1398 979 1464 immanius
996 1398 1039 1464 ad
1057 1419 1166 1465 necem
1182 1420 1254 1465 esse
1271 1393 1479 1481 rapieud0s”.

209 1521 236 1584 B
260 1543 277 1587 e
300 1520 424 1587 librarii
447 1519 585 1586 fortasse
609 1519 741 1585 mendo:
768 1518 987 1604 „ssrssardrrpoa

256 1645 276 1722 ξ
301 1642 330 1704 1.
362 1638 456 1723 Vulg.
484 1638 582 1703 οὔκουν
605 1639 697 1719 {aurci
720 1662 758 1715 γε
779 1645 833 1702 τῶν
865 1638 915 1701 ὑπ’
939 1637 1129 1714 Ἀλκιβιάδου
1155 1636 1220 1702 aul
1245 1637 1273 1699 έν
1295 1636 1336 1716 σῷ
1361 1634 1478 1712 raudus

216 1758 419 1839 πρασσομένων
437 1757 565 1836 οὶρέσκειν
587 1758 672 1822 οὐδέν.
708 1757 760 1822 Sic
784 1777 910 1840 quoque
933 1756 971 1821 B.
1007 1756 1071 1823 Sed
1094 1758 1122 1820 ἕν
1145 1758 1185 1837 τῷ
1208 1753 1326 1834 σκρένσι
1351 1777 1480 1835 opauco-

214 1879 304 1957 μένων
339 1876 558 1962 accipiendum
581 1881 632 1942 eut
664 1876 839 1956 derebus,
867 1897 950 1960 quae
973 1875 1137 1942 Alcibiade
1162 1881 1294 1941 auctore
1317 1873 1373 1939 illo
1398 1879 1479 1940 tem-

216 2019 293 2082 pore
315 1996 437 2063 fiebant
460 2018 562 2081 neque
586 2003 694 2063 tamen
710 1997 750 2063 de
765 1997 819 2073 iis,
835 2018 917 2080 quae
934 2019 954 2064 a
969 1997 1165 2082 principibus
1182 1996 1268 2062 Sami
1284 1994 1480 2079 agebantur:

216 2115 401 2182 addendum
433 2117 516 2181 enim
548 2121 617 2182 erat
646 2137 775 2199 nomen,
808 2117 893 2183 unde
924 2117 985 2182 hoo
1016 2122 1201 2201 appareret,
1230 2115 1324 2182 utin
1347 2119 1404 2179 τῶν
1432 2115 1480 2178 ὑπ’

216 2235 403 2310 Αλκιβιοὶδου.
439 2233 581 2299 Stahlius
609 2235 678 2319 jam
710 2234 789 2299 vidit
820 2234 963 2314 Vallam,
992 2257 1043 2301 me
1066 2237 1194 2318 quidem
1218 2235 1323 2320 judice
1348 2234 1480 2312 merito,

211 2355 356 2419 omittere
379 2353 430 2416 κοιί
438 2377 444 2416 :
468 2352 604 2437 ideoque
620 2353 698 2418 nihil
714 2374 825 2419 eorum
842 2373 925 2436 quae
940 2354 1238 2438 impraesentiarum
1256 2353 1296 2419 ab
1314 2352 1480 2419 Alcibiade

211 2473 412 2556 agerentur'’.

255 2710 360 2794 Caput
383 2711 426 2775 49
451 2716 470 2793 ξ
497 2713 524 2776 1.
555 2711 671 2776 Omnes
697 2711 771 2775 libri
795 2712 818 2775 οἱ
842 2710 871 2774 δὲ
894 2708 1088 2787 ξυλλεγέντες
1111 2717 1169 2775 τῶν
1191 2711 1220 2774 έν
1243 2719 1279 2790 τῇ
1303 2707 1476 2792 ξυμμοιχέοι.

211 2828 376 2895 Haaokius
400 2837 493 2895 acute
518 2829 655 2895 correxit
678 2827 849 2908 ξυνωμοσίκ
886 2829 972 2894 Nihil
995 2831 1074 2895 certi
1096 2830 1199 2913 liquet
1222 2850 1261 2894 ex
1277 2829 1387 2906 Valla,
1403 2828 1478 2894 11111

210 2948 277 3014 fere
308 2947 462 3014 librorum
494 2949 671 3031 scripturae
703 2949 870 3014 concinere
903 2949 1064 3014 videatur:
1099 2949 1140 3028 „ii
1170 2955 1278 3014 tamen
1314 2949 1369 3031 qui
1405 2969 1476 3013 con·

210 3068 335 3150 gregati
365 3067 399 3131 in
431 3066 584 3132 societate
608 3066 683 3132 belli
706 3067 828 3135 erant’'.
876 3067 1075 3150 Quamquam
1097 3067 1257 3132 interdum
1281 3066 1367 3149 apud
1393 3066 1477 3131 Thu-

209 3184 354 3269 cydidem
376 3184 538 3261 ξυνωμοσίοι
561 3192 751 3269 usurpatum
775 3192 824 3251 111
846 3185 886 3252 de
910 3187 1062 3252 societate
1082 3188 1113 3269 ¹).
1141 3186 1266 3251 Fierine
1290 3191 1416 3270 potest,
1443 3193 1477 3250 ut

209 3323 226 3367 e
250 3303 411 3369 contrario
434 3302 486 3368 hic
509 3302 676 3386 ξυμμαχία
701 3303 828 3372 dicatur
853 3306 893 3372 de
916 3306 1158 3391 conjuratione?

254 3540 472 3630 (1111115οἓ
498 3544 525 3607 1.
557 3543 648 3626 Vulg.
682 3551 737 3608 τῶν
768 3545 929 3624 λεχθέντων
961 3545 1012 3627 ὑφ’
1036 3546 1144 3630 αὑτοῦ,
1177 3556 1197 3608 Β
1221 3549 1275 3607 σῶν
1301 3544 1353 3626 ὑφ’
1386 3545 1475 3608 κὺτοῦ

209 3661 378 3742 λεχθέντων.
414 3659 522 3727 Valla:
550 3681 653 3744 „quae
677 3663 808 3727 11111
832 3664 1027 3729 contrarium
1051 3665 1138 3730 dicta
1160 3664 1298 3730 essent'’.

254 3779 334 3845 ibid.
359 3778 449 3864 l'ulg.
474 3779 516 3854 ἥν.
541 3793 562 3844 Β
587 3783 602 3854 ἦ
625 3780 671 3858 ἄν,
697 3803 875 3867 perperam.
912 3782 1023 3848 Valla:
1050 3782 1124 3864 ‚,si”.

255 3904 274 3982 ξ
298 3901 327 3964 2.
352 3897 444 3981 Vulg.
467 3897 516 3962 τὸν
539 3904 595 3962 τῶν
617 3901 850 3976 Λακεδαιμονίων
873 3901 1030 3983 νκιέοιρχον.
1066 3902 1101 3966 Β.
1128 3903 1247 3967 omittit
1270 3908 1334 3965 σῶν.
1360 3901 1473 3967 Valle:

213 4015 556 4099 „Lacedaemoniorum
580 4018 811 4086 nauarchum’'.

213 4241 457 4252 -—..--——

244 4393 271 4457 ι)
289 4393 321 4443 cr.
340 4393 377 4442 ru
396 4391 510 4457 1111)
529 4391 558 4442 v.
574 4389 616 4442 11.
