3098 4988
730 348 792 415 131

714 588 812 654 XVII.

172 798 350 864 Ambroues
385 798 611 882 Teutonosque
647 804 755 865 castra
785 797 880 863 Marii
912 797 954 863 ad
984 797 1133 863 Rhodani
1164 802 1262 881 atque
1292 798 1402 865 Isarae

128 908 631 1031 confluentem*praetergressos
663 946 826 1013 Romanus
860 946 925 1012 dux
955 968 1020 1014 non
1052 946 1243 1014 subsecutus
1277 955 1327 1015 est
1354 949 1405 1031 (ut

128 1098 343 1165 Mommsenus
379 1103 411 1164 et
444 1097 556 1164 Ihnius
589 1097 772 1182 perhibent)
805 1097 860 1164 sod
892 1117 946 1163 eos
977 1098 1142 1182 praevenit-
1173 1102 1271 1181 atque
1302 1098 1403 1182 Aquis

131 1247 250 1314 Sextiis
274 1270 308 1315 se
332 1248 483 1332 opposuit
506 1249 569 1313 iter
591 1246 792 1314 facientibus.

709 1456 823 1522 XVIII.

176 1636 312 1703 Prorsus
343 1657 406 1701 non
439 1635 621 1702 faciendum
654 1644 704 1701 est
735 1657 807 1701 oum
838 1634 949 1714 Ihnio‚
980 1636 1036 1720 qui
1067 1640 1240 1719 postquam
1271 1633 1407 1701 tradidit

130 1785 290 1852 aerarium
315 1786 457 1851 sanetius
482 1807 502 1851 a
520 1783 660 1851 Caesare
678 1784 829 1850 violatum
847 1805 931 1870 esse,
947 1784 1070 1870 pergit:
1099 1783 1166 1864 „Er
1188 1783 1288 1872 solute
1303 1783 1404 1850 dorio

130 1933 202 2003 dem
231 1933 400 2022 Voryooqe
423 1935 480 2002 der
503 1933 763 2017 stereorationem
788 1933 905 2002 welche
920 1935 967 2000 tm
985 1927 1269 2002 hannibalisohem
1285 1932 1404 2022 Krieoe

130 2085 207 2167 (209
240 2106 266 2149 v.
299 2083 346 2165 O.)
377 2083 484 2152 diesen
514 2083 752 2152 Reseroesohotz
784 2083 990 2172 ooqeyriffen
1022 2083 1153 2162 hatten,
1186 2084 1256 2151 und
1288 2083 1405 2152 karante

130 2233 222 2301 nicht
254 2233 337 2301 ohne
370 2231 487 2301 Garrod
517 2232 717 2322 behoupteu,
742 2233 817 2300 dors
839 2254 874 2301 er
896 2234 943 2300 iro
968 2233 1071 2302 Stoue
1094 2234 1150 2302 der
1173 2233 1311 2301 Mctuner
1333 2254 1404 2301 oer-

130 2380 268 2468 fehrea,
301 2379 418 2448 welche
448 2381 507 2448 dos
539 2379 620 2449 Galat
649 2381 751 2468 orado
780 2383 838 2469 sur
860 2380 969 2449 Zeitea
991 2381 1048 2449 der
1070 2379 1158 2449 Notlr
1181 2381 1404 2470 auritrkqetayt

132 2530 244 2599 hatten
386 2528 503 2598 Caesar
534 2529 624 2597 hatte
654 2530 708 2598 ein
739 2531 847 2599 ebeoso
874 2538 966 2618 outae
987 2529 1087 2598 Rerht
1109 2531 1196 2599 aeine
1218 2530 1403 2618 Haodtuuq

131 2679 182 2745 oto
212 2679 283 2746 eine
313 2677 417 2745 durch
449 2678 508 2745 dos
546 2676 644 2745 Wohl
674 2678 728 2746 der
765 2677 976 2748 Votorlaodas
998 2678 1144 2766 badioqte
1167 2677 1405 2763 dorzustellem

130 2829 190 2896 wie
221 2829 337 2916 trqeud
367 2829 456 2896 einer
483 2829 589 2897 rainer
618 2828 834 2918 Viroonyer?
882 2829 975 2913 (Ihne
999 2829 1035 2894 R..
1059 2828 1097 2894 G.
1121 2827 1288 2896 Siebontor
1310 2828 1404 2895 Band

130 2999 201 3062 aas·
225 2976 270 3062 5)

723 3157 808 3224 XIX.

176 3334 210 3401 si
241 3356 318 3402 vera
349 3340 424 3402 sunt
453 3335 551 3403 verba
581 3336 636 3420 (de
666 3335 778 3402 Placit.
812 3335 929 3403 Philos.
953 3334 998 3401 IV
1021 3337 1065 3419 2.)
1101 3343 1205 3410 Θαλῆς
1228 3336 1405 3417 ἀπεφήνατο

130 3490 239 3565 πρῶτος
267 3488 318 3560 τὴν
341 3487 444 3566 ψυχὴν
466 3485 556 3568 φύσιν
579 3486 736 3560 ἀεικίνητον
758 3485 808 3550 aa}
832 3485 1033 3563 aureatenses,
1056 3484 1282 3570 philosophum
1306 3484 1404 3550 animi

129 3633 313 3700 libertatem
337 3633 484 3700 docuisse
509 3633 714 3700 statuendum
738 3638 797 3700 est.

734 3840 804 3905 XX.

174 4017 253 4084 Jure
283 4018 391 4084 Attico
423 4016 507 4085 filios
540 4017 656 4084 nothos
682 4016 839 4084 ommibus
862 4037 999 4101 quorum
1023 4018 1179 4084 intererat
1203 4018 1404 4085 consention-

128 4166 215 4232 tibus
238 4165 397 4250 legitimos
420 4165 554 4233 reddere
577 4170 672 4250 pater
694 4165 807 4249 potuit.

638 4375 883 4386 ——---—--——
