3098 4988
676 321 717 404 al

10 587 12 626 ³
66 587 137 645 esse
161 578 233 662 quis
257 584 306 644 est
330 577 385 661 qui
408 578 524 662 neget?
564 576 655 655 Quod
679 577 705 643 si
729 576 816 662 apud
840 598 898 642 nes
922 581 1066 664 constat,
1090 576 1176 643 hand
1201 569 1330 644 difficile

20 668 25 677 .
59 703 110 768 est
132 696 320 774 decernere,
343 701 450 761 utrum
474 697 542 775 κοί,
567 697 653 780 quod
677 696 710 761 in
732 694 806 762 Vat.
830 696 1004 776 invenitur,
1026 697 1199 780 genuinum
1223 697 1329 763 sitan

58 814 186 881 falsum.
233 813 317 893 Quid
348 815 432 880 enim
463 835 581 881 causae
613 820 740 881 exstare
770 819 895 900 potest,
927 836 983 880 cur
1011 816 1060 880 κοὶ
1084 815 1117 880 in
1141 817 1166 880 εἱ
1187 817 1230 894 μὴ
1254 815 1330 879 πολὺ

58 936 241 1014 ἐκρατοῦντο
263 933 440 1000 addidisset
471 939 602 1013 auctor,
624 934 658 998 in
681 935 704 998 el
728 934 770 1011 μὴ
795 934 871 997 πολὺ
895 934 991 998 ἐνίκων
1014 937 1121 999 autem
1145 933 1330 1000 omisisset?

59 1052 145 1132 Quin
160 1053 234 1130 imo,
250 1053 312 1138 nal,
330 1073 401 1118 cum
415 1052 561 1119 vocabuli
577 1053 653 1118 πολὺ
670 1053 732 1118 rim
749 1058 874 1138 augeat,
890 1053 1058 1137 perturbat
1073 1053 1273 1119 sententiam.
1288 1091 1329 1102 -

57 1172 194 1259 Restat,
218 1178 253 1239 ut
276 1171 315 1240 de
338 1173 442 1240 altera
464 1172 553 1240 varia
576 1172 731 1258 lectione,
755 1168 798 1237 ὅτι
819 1173 851 1237 οὐ
876 1193 935 1258 pro
958 1174 982 1238 εἱ
1004 1173 1068 1251 μή,
1094 1194 1237 1258 agamus.
1281 1173 1330 1238 Ex

54 1290 115 1375 iis,
152 1313 235 1386 quae
270 1293 485 1378 praecedunt,
517 1294 586 1378 jam
625 1293 733 1361 statim
769 1298 911 1360 statuere
946 1313 1116 1376 possumus
1152 1292 1330 1360 sententiae

54 1415 253 1478 structuram
275 1411 425 1498 flagitare
448 1413 471 1476 εἰ
494 1413 548 1489 μή.
586 1413 718 1478 Accedit
740 1419 777 1480 ut
800 1414 960 1479 sententia
984 1413 1026 1479 sit
1047 1412 1205 1497 generalis
1222 1416 1255 1478 et
1270 1409 1329 1477 Go-

53 1530 250 1598 rinthiorum
266 1538 366 1617 atque
381 1531 623 1599 Atheniensium
639 1532 780 1599 indolem
796 1537 902 1599 notet:
927 1531 1098 1616 Corinthii,
1117 1530 1163 1597 rei
1179 1530 1330 1596 nauticae

52 1650 289 1735 imperitiores,
319 1651 353 1716 in
383 1650 506 1736 proelio
539 1651 646 1717 navali
678 1672 712 1717 se
744 1650 856 1718 vicisse
887 1649 1062 1736 putabant,
1094 1651 1122 1716 si
1146 1670 1210 1715 non
1233 1648 1330 1734 plane

51 1769 132 1836 vinti
146 1775 270 1849 essent3
288 1770 500 1838 Athenienses
516 1776 643 1857 autem,
659 1772 715 1856 qui
732 1774 857 1856 semper
875 1771 1003 1838 navium
1019 1792 1081 1837 usu
1096 1768 1329 1842 excelluerant,

54 1889 158 1955 victos
182 1910 216 1955 se
240 1887 487 1975 existimabant,
516 1891 579 1957 nisi
602 1891 804 1957 adversarios
828 1912 903 1958 suos
927 1890 1126 1957 devicissent
1172 1887 1331 1972 Loquitur

53 2009 155 2094 igitur
185 2008 322 2095 scriptor
350 2031 415 2076 non
446 2011 540 2077 modo
572 2010 612 2077 de
646 2011 882 2078 Corinthiorum
905 2017 938 2078 et
961 2010 1218 2089 Atheniensium,
1242 2007 1329 2092 qnod

55 2127 102 2195 ad
141 2128 297 2212 proelium
336 2150 447 2196 recens
486 2130 604 2196 attinet
637 2129 774 2211 factum,
814 2131 994 2198 animorum
1028 2128 1159 2210 habitu,
1195 2126 1253 2195 sed
1289 2127 1329 2192 de

54 2246 224 2330 utriusque
256 2246 368 2333 populi
390 2249 516 2314 ratione
540 2249 703 2334 cogitandi
726 2249 758 2315 in
782 2251 973 2316 universum.
1020 2248 1089 2327 Quo
1112 2247 1207 2313 modo
1230 2245 1329 2331 igitur

55 2369 169 2449 potest
192 2363 354 2448 quadrare
377 2363 419 2431 ὅτι
443 2369 491 2446 οὐ,
515 2366 555 2431 de
578 2367 699 2451 proelio
723 2388 826 2453 nuper
848 2366 935 2434 facto
958 2365 1224 2450 intellegendum,
1257 2384 1329 2429 cum

57 2484 82 2547 εἰ
107 2486 150 2559 μὴ
173 2484 222 2548 uel
246 2485 322 2550 noar)
346 2484 532 2570 ἕκροὶτουντο,
557 2485 673 2571 quibus
697 2486 935 2554 Corinthiorum
957 2483 1082 2552 indoles
1106 2481 1329 2568 significatur?

59 2603 207 2687 Utroque
237 2604 308 2671 loco
338 2609 396 2671 ant
424 2605 448 2669 εἰ
478 2606 521 2682 μὴ
551 2609 608 2671 aut
637 2603 679 2671 ὅτι
712 2608 744 2671 οὐ
768 2606 971 2673 scribendum
995 2609 1053 2673 est.
1098 2605 1174 2671 Jam
1198 2603 1327 2688 saepius
1366 2651 1369 2655 -

58 2722 126 2787 dixi
148 2721 265 2788 librum
287 2723 315 2788 B
337 2723 443 2790 varias
467 2723 642 2808 permultas
665 2724 820 2791 lectiones
843 2723 959 2791 debere
983 2722 1174 2803 correctori,
1197 2722 1270 2806 qui,
1294 2727 1331 2788 nt

58 2842 216 2910 sermonis
239 2842 432 2929 elegantiam
455 2847 605 2930 augeret,
629 2850 751 2911 textum
775 2844 924 2923 mutavit3
951 2844 997 2909 sie
1020 2846 1098 2927 puto
1115 2839 1158 2906 ὅτι
1173 2843 1204 2906 οὐ
1221 2861 1328 2907 emen·

58 2960 173 3028 datum
195 2981 282 3042 esse,
305 2983 345 3027 ne
368 2963 392 3027 εἱ
416 2964 458 3040 μὲν
481 2963 561 3030 satis
584 2963 672 3029 brevi
695 2963 865 3030 interuallo
889 2963 939 3029 bis
961 2964 1132 3048 legeretur.

104 3199 210 3286 Caput
244 3200 286 3265 36
320 3198 345 3289 ἓ
380 3201 411 3264 2.
447 3198 538 3284 Vulg.
573 3201 610 3272 ὥς
645 3200 677 3264 ἐκ
711 3207 763 3274 τῆς
799 3198 937 3279 προτέροις
973 3199 1147 3279 νοουμοοχίοος
1181 3224 1210 3263 το
1240 3200 1328 3264 πλέον

58 3321 193 3386 ἐνεῖδον
223 3321 402 3402 σχήσοντες,
437 3332 459 3386 Β
495 3317 579 3388 εἶδον.
624 3318 720 3386 Valla
749 3339 868 3406 graeca
897 3339 961 3385 non
991 3318 1165 3400 intellexit,
1193 3339 1256 3404 quo
1280 3323 1329 3385 est

57 3439 200 3526 factum,
233 3444 269 3505 ut
298 3438 562 3524 interpretatione
593 3437 661 3504 eius
693 3438 774 3503 nihil
803 3435 1009 3522 proficiamus
1033 3437 1094 3505 nisi
1117 3458 1189 3503 enm
1212 3437 1329 3522 legisse

59 3580 168 3626 verum
200 3558 319 3623 ἐνεῖδονε
354 3557 600 3638 „Instruxerunt
630 3561 737 3622 autem
769 3561 846 3622 tunc
874 3562 907 3623 et
929 3556 1064 3623 alteram
1088 3557 1223 3624 classem
1246 3563 1328 3624 tam·

59 3697 159 3760 qnam
184 3677 383 3763 superaturi,
403 3676 495 3760 ¹qnod
518 3695 536 3742 e
559 3675 722 3759 superiore
739 3696 847 3761 pugna
862 3673 935 3758 plus
952 3673 1073 3758 aliquid
1088 3673 1329 3759 inspexissent&

105 3793 130 3886 ξ
160 3797 190 3863 3.
225 3796 316 3882 Vulg.
347 3796 528 3877 οὲντοοοοώοονς
559 3794 618 3874 γὰρ
648 3803 715 3867 τοῖς
746 3795 892 3872 ἐμβολαῖς
922 3794 1063 3875 χρώμενον
1094 3793 1258 3875 aleppiae
1287 3796 1328 3859 τοὶ

57 3915 203 3997 πρώροθεν
227 3920 340 3994 αὐτοῖς,
367 3917 511 3997 οτορίφονς
528 3914 577 3978 uui
593 3915 708 3994 ποοχέον
725 3914 896 3999 allegoria
912 3915 962 3979 κοοὶ
978 3918 1082 3990 νἰοθενῆ
1098 3916 1327 3996 παρέχοντες

57 4040 119 4106 τοῖς
151 4033 305 4123 ἐμβόλοις,
338 4045 360 4098 Β
391 4034 537 4106 παίοντες.
582 4032 691 4098 Valla:
727 4033 802 4116 „qui
833 4032 975 4099 adversis
1006 4033 1111 4119 proris
1145 4033 1350 4129 eisdemque·

58 4153 180 4220 aeratis
202 4153 477 4234 incurrentes,
501 4151 678 4221 diffracturi
702 4159 794 4220 erant
817 4154 882 4220 suis
899 4154 1017 4220 crassis
1032 4174 1071 4219 ae
1087 4152 1198 4220 solidis
1215 4154 1328 4219 rostris

56 4292 179 4340 vacuas
201 4250 443 4339 Atheniensium
465 4279 499 4339 et
521 4271 680 4360 fragilee’'.
727 4272 824 4339 Valla
845 4274 966 4360 maj0re
990 4293 1066 4338 usus
1090 4278 1139 4338 est
1158 4271 1326 4359 libertate,

56 4412 158 4479 quam
182 4396 218 4459 ut
241 4411 299 4458 nos
322 4391 363 4458 de
386 4390 546 4480 scriptura
568 4391 703 4459 edocere
727 4392 838 4481 possit.
885 4392 1038 4459 Fortasse
1061 4391 1225 4477 Kruegero
1250 4391 1328 4461 dan·
