3098 4988
699 314 741 388 57

87 556 182 632 Valla
213 585 278 632 non
310 563 467 630 reddidit:
502 584 640 648 „magna
670 560 912 648 perturbatione
939 561 1009 644 ipse
1033 559 1154 644 pariter
1178 580 1216 625 ao
1240 557 1356 623 milites

87 683 158 750 eius
181 679 403 749 afficerentnr’'
421 683 456 766 ¹).

133 799 215 867 Ibid.
245 800 340 886 Vulg.
376 799 541 878 ἐβάλλοντο
564 825 597 865 σε
622 797 800 881 σεονσσονδδν.
846 795 991 863 Otiosum
1014 820 1048 860 σε
1067 795 1140 880 jure
1163 794 1357 861 omittuntB

88 924 122 986 et
144 919 249 987 Valla.

134 1037 159 1128 ξ
188 1041 218 1105 5.
249 1038 343 1124 Vulg.
375 1039 423 1104 uxi
455 1035 523 1115 ἅμα
553 1038 643 1121 <terto
674 1038 709 1104 σέ
740 1060 784 1109 σος
815 1035 981 1114 ἐγένετο,
1011 1034 1248 1119 Βὲνίγνεσο,
1273 1033 1359 1119 quod

88 1163 223 1244 propter
258 1155 290 1234 ἦν
325 1164 357 1225 et
391 1156 515 1239 ἐνόμιζον
549 1157 704 1243 majorem
739 1155 839 1223 habet
873 1155 1021 1243 speciem.
1068 1155 1118 1220 Ex
1152 1154 1246 1222 Valla
1280 1155 1360 1221 nihil

88 1280 265 1345 lucramur.

136 1515 246 1600 Caput
268 1514 311 1581 82
333 1513 358 1605 §
384 1516 413 1581 1.
438 1514 604 1582 Dobraene
627 1514 781 1582 librorum
804 1520 876 1592 γοῦν
898 1513 1080 1581 emendavit
1101 1513 1135 1578 in
1155 1513 1178 1578 δ’
1195 1509 1258 1592 οὖν,
1275 1512 1361 1596 quod

92 1641 168 1720 post
192 1633 422 1719 digressionem
446 1637 669 1717 exspectamus
692 1633 842 1717 quodque
864 1631 990 1699 Vallem
1006 1631 1127 1698 referre
1143 1630 1211 1700 fere
1226 1630 1362 1698 dixerim

94 1753 232 1838 „Itaque
256 1751 313 1818 nbi
336 1802 366 1822 ..
388 1751 566 1819 viderunt’'.

137 1870 162 1962 ξ
185 1873 215 1938 3.
239 1869 331 1956 Vulg.
357 1871 462 1944 Νοκίοος
486 1870 516 1935 δὲ
538 1869 588 1935 rai
612 1871 636 1935 oi
659 1872 726 1947 μετ’
750 1872 840 1936 αὐτοῦ
863 1871 957 1952 οὔτῇ
980 1879 1023 1953 τῇ
1044 1870 1158 1953 ἡμέρᾳ
1172 1872 1361 1950 ἀφικνοῦνται

93 1991 141 2056 ἐπὶ
176 1989 226 2054 σὸν
259 1988 404 2067 σοσοομον.
450 1988 600 2056 Praestat
635 1988 703 2055 sine
738 1987 835 2055 dubio
869 2001 891 2054 Β
924 1989 1020 2072 ταύτῃ
1043 1999 1080 2072 σῇ
1105 1990 1205 2071 ἡμέρᾳ.
1252 1986 1362 2052 Valla:

99 2109 193 2190 „hoo
216 2108 287 2194 ipso
310 2106 380 2174 die''

142 2228 223 2297 Ibid.
246 2227 337 2314 Vulg.
360 2230 494 2311 καθεῖσε,
517 2240 539 2293 Β
564 2228 703 2294 taetras.
751 2225 936 2310 Legendnm
958 2227 1068 2291 κοθῑσε.

144 2465 250 2551 Caput
273 2465 316 2531 83
339 2463 364 2555 ἓ
386 2466 418 2536 2.
442 2464 533 2552 Vulg.
556 2465 646 2547 μέχον
668 2463 701 2530 οὔ
722 2465 748 2530 δ’
771 2463 825 2541 ἄν,
849 2478 871 2531 Β
896 2466 985 2547 μέχρι
1008 2463 1033 2529 δ’
1050 2461 1081 2529 οὗ
1103 2461 1150 2530 ἄν.
1181 2461 1365 2549 Legendum

21 2569 32 2589 ⁴
95 2587 186 2669 μέχρι
209 2587 235 2653 a·
257 2584 311 2671 a,
335 2591 372 2652 ut
394 2586 472 2653 vno
496 2584 681 2653 ninoorfius
696 2587 731 2670 ν).

140 2702 217 2793 ξ4.
252 2703 344 2789 Vulg.
380 2701 456 2780 ὅμως
492 2703 522 2768 δὲ
555 2712 608 2780 τῆς
643 2703 742 2776 roario
777 2701 969 2786 φυλάξαντες
1003 2703 1036 2769 τὸ
1071 2700 1219 2783 ἡσυχάζον
1242 2699 1366 2778 ἔμελλον

97 2824 360 2908 πορεύσεσθαι,
391 2835 413 2888 Β
445 2828 478 2889 et
508 2832 543 2887 M
574 2823 760 2910 σοοεύεσθοοο,
792 2823 877 2907 quod
900 2821 1007 2889 futuro
1031 2823 1065 2888 in
1088 2821 1195 2888 Attico
1219 2841 1366 2887 sermone

98 2939 358 3028 postponendum
381 2946 431 3007 est
446 2940 483 3024 ³).
529 2941 617 3007 Certi
640 2941 718 3007 nihil
742 2941 835 3008 docet
857 2939 968 3006 Valla:
1003 2939 1179 3021 „habentos
1202 2938 1366 3005 inanimo

98 3058 295 3128 discedere”.

145 3292 252 3379 Caput
275 3293 318 3357 84
341 3290 366 3381 §
388 3291 421 3357 4.
444 3291 537 3377 vulg.
560 3292 700 3367 Πίνονσοὶο
724 3319 758 3358 τε
781 3294 847 3366 σοὺς
872 3295 998 3365 πολλοὺς
1022 3293 1175 3371 οἰομένους.
1202 3305 1236 3360 Μ
1260 3295 1367 3360 omisit

96 3412 197 3498 σούς,
239 3410 328 3497 quod
360 3431 465 3496 neque
498 3409 640 3495 Vallem,
680 3415 854 3478 vertentem
891 3411 1060 3496 „multos’',
1096 3411 1212 3479 vidisse
1248 3412 1365 3478 dixeris

96 3531 200 3616 primo
232 3528 364 3606 obtutu;
397 3528 566 3595 articulum
601 3533 711 3594 autum
741 3528 868 3595 incuria
899 3529 1049 3595 omissum
1080 3549 1167 3610 esse,
1198 3550 1236 3596 eo
1263 3532 1366 3614 magis

98 3649 136 3717 fit
160 3648 350 3726 verisimile,
374 3648 460 3731 quod
484 3647 580 3712 etiam
603 3647 637 3712 in
660 3647 775 3731 capitis
797 3646 861 3713 fine
876 3656 935 3720 τοῖς
951 3656 1068 3722 πολλοῖς
1085 3671 1200 3734 parum
1216 3656 1366 3717 accurate

98 3770 332 3853 interpretatus
363 3771 413 3834 est
447 3764 612 3847 ‚,multee”.
657 3766 696 3830 In
719 3787 796 3832 voce
818 3767 960 3845 οἰομένους
984 3789 1004 3832 a
1027 3768 1156 3853 vulgata
1177 3768 1298 3834 recedit
1320 3769 1366 3849 B,

97 3889 130 3968 in
157 3907 222 3972 quo
245 3891 295 3953 est
317 3886 468 3972 ἄσμένως;
493 3883 581 3969 quod
603 3891 711 3950 autem
734 3883 918 3951 adverbium
941 3885 1045 3951 minue
1069 3886 1288 3970 exscriptoris
1304 3907 1365 3952 usu

130 4213 157 4280 1)
175 4213 208 4264 of.
225 4227 248 4263 o.
265 4209 298 4261 82
316 4209 328 4273 ἓ
345 4209 359 4260 1
379 4205 549 4270 ἀποχώρησον
566 4224 630 4266 τινες
648 4209 734 4266 πόλεις
752 4204 805 4257 uri.

129 4309 157 4376 Β)
174 4307 294 4360 Dindori.
311 4305 392 4369 praei.
409 4305 441 4356 ad
458 4304 531 4356 Diod.
550 4304 574 4368 1,
593 4304 701 4356 XXVII.

129 4407 157 4477 3)
174 4407 204 4460 ei.
222 4404 286 4458 vl11
301 4419 327 4462 e.
344 4403 374 4472 6,
392 4402 416 4458 5.
