3098 4988
738 353 804 418 110

178 589 254 679 §A
279 589 372 675 Vulg.
395 593 559 669 Ἀθηναίων,
589 604 610 657 Β
635 593 792 673 Ἀθηναῖοι,
817 591 904 675 quod
927 591 1115 659 vocabulum
1138 592 1268 658 omnino
1294 612 1402 658 neees-

134 709 253 774 sariam
276 730 340 775 non
363 714 429 788 est,
455 730 558 795 neque
582 711 668 796 apud
691 710 818 777 Vallam
841 716 958 777 exstat.

177 827 256 893 Ibid.
280 826 373 914 Vulg.
397 831 558 913 Μιλησίαν,
582 841 604 894 Β
628 831 792 904 Μελησίαν.
817 827 929 895 Valla:
955 827 1141 895 Milesiam”.

178 1063 284 1150 Caput
307 1065 349 1131 87
377 1070 397 1148 ξ
423 1067 450 1131 1.
486 1063 578 1150 Vulg.
614 1065 661 1130 δνσὶ
695 1091 729 1131 τε
763 1060 868 1133 τσῖλλσι
904 1066 953 1131 καὶ
985 1069 1037 1141 τὴν
1067 1065 1258 1143 Ἀλκιβιάδην
1290 1068 1410 1134 κάθοδον

134 1185 254 1263 ἤχθοντο
279 1186 359 1265 αὐτῷ
381 1186 405 1250 οἱ
430 1187 657 1262 Πελοποννήσιοι.
695 1187 722 1252 Β
747 1191 822 1253 ante
844 1189 897 1263 τὴν
919 1187 1018 1253 iterat
1033 1186 1081 1251 διὰ
1094 1185 1193 1269 idque
1208 1187 1276 1253 fere
1294 1207 1408 1254 neees-

134 1302 252 1369 setium
285 1309 335 1369 est
364 1308 495 1388 propter
526 1303 686 1389 duplicem
718 1306 875 1391 copulam.
906 1306 947 1372 cf.
980 1327 1005 1371 ο.
1039 1305 1082 1370 85
1114 1310 1134 1388 ξ
1168 1306 1200 1370 5.
1238 1307 1280 1371 Et
1312 1307 1409 1373 Valla

133 1420 231 1488 bens:
259 1443 350 1502 „cum
373 1429 505 1507 propter
529 1423 608 1500 alia,
633 1429 701 1490 tum
726 1446 799 1491 vero
823 1430 956 1510 propter
972 1423 1173 1490 Alcibiadem
1190 1423 1409 1492 restitutum&

177 1538 258 1605 Ibid.
282 1539 374 1625 Vulg.
405 1542 442 1612 ὡς
473 1541 560 1606 ἐδόκει
593 1542 609 1608 δ
616 1543 632 1618 κ
664 1549 761 1611 reete.
796 1543 823 1608 B
853 1544 881 1608 οἱ
914 1563 1011 1609 sensu
1035 1564 1181 1610 vacuum.
1210 1542 1324 1611 Valla:
1353 1550 1410 1625 „ut

133 1658 319 1728 videbatur'’

179 1777 203 1869 ξ
229 1781 250 1843 2
274 1778 369 1864 Vulg.
392 1784 442 1847 οὐκ
465 1776 530 1859 ἦρε
553 1782 609 1855 ταὶς
633 1788 702 1854 ναῦς
710 1809 719 1861 ;
743 1795 765 1848 Β
785 1783 925 1861 ἤραρε,
942 1802 1019 1849 vera
1035 1782 1194 1868 scriptura
1210 1787 1247 1849 ut
1262 1783 1409 1867 proxime

139 1899 338 1985 praecedens
373 1902 518 1980 παρῆλθεν
552 1901 679 1986 probat.
716 1902 810 1969 Valla
832 1903 957 1970 videtur
979 1905 1133 1971 aoristum
1156 1903 1291 1972 vidisse:
1330 1925 1410 1984 „nec

134 2019 229 2087 facile
263 2020 391 2106 cognitu
425 2025 474 2087 est
508 2022 641 2089 consilio
676 2023 792 2090 abierit
825 2022 859 2088 in
890 2023 1095 2108 Aspendum,
1125 2042 1223 2108 quum
1248 2025 1288 2110 (?)
1319 2024 1409 2090 illinc

135 2139 271 2205 classem
293 2158 358 2203 non
381 2138 594 2222 apportarit''.

180 2262 200 2341 ξ
225 2258 245 2323 3
270 2256 362 2341 Vulg.
386 2259 416 2329 ἐς
439 2256 668 2344 Λακεδαίμονα,
691 2258 718 2323 Β
742 2258 912 2329 articulum
937 2258 1039 2329 addit.

181 2382 201 2460 ξ
225 2377 247 2441 4
269 2376 362 2461 Vulg.
391 2377 533 2462 τριβῆς,
565 2391 587 2444 Β
618 2377 813 2457 διατριβῆς.
848 2379 1028 2463 Utrumque
1055 2377 1132 2446 ferri
1155 2385 1270 2465 potest.
1294 2380 1407 2449 Valla:

142 2517 260 2577 „causa
284 2494 497 2563 demorandi'.

180 2615 260 2681 Ibid.
283 2614 374 2700 Vulg.
401 2613 476 2688 ὅπως
500 2615 710 2695 μηδετέρους
734 2616 920 2697 προσθέμενος
944 2617 1140 2699 ἰσχυροτέρους
1163 2618 1287 2702 ποιήσῃς
1305 2632 1327 2685 Β
1344 2644 1410 2698 ριιρ-

137 2734 289 2814 δετέροισ
414 2734 674 2816 ἰσχυροτέροις,
710 2735 796 2819 quod
832 2757 904 2802 eum
940 2734 1064 2802 seahlio
1081 2735 1110 2826 1)
1146 2742 1178 2802 et
1213 2736 1407 2824 Nabeross),

137 2875 342 2939 nequaquam
365 2854 476 2938 probo.
500 2853 594 2920 Valla
617 2853 769 2920 liberius:
807 2860 927 2938 „utque
951 2855 1026 2920 dum
1050 2854 1092 2921 ad
1115 2861 1248 2923 neutros
1273 2857 1407 2924 aecede-

137 2980 203 3061 ret,
229 2978 358 3041 neutros
381 2973 543 3041 reddendo
567 2974 785 3059 praevalidos,
810 2979 962 3059 utrosque
986 2973 1212 3060 exaequaret''.

183 3095 264 3163 Ibid.
288 3094 378 3179 Vulg.
402 3095 561 3181 ἐπιφανές,
586 3106 608 3159 Β
632 3093 807 3173 περιφανὲς;
830 3093 1001 3179 legendum
1024 3094 1190 3176 ἐπιφανείς.

184 3215 265 3280 Ibid.
289 3213 383 3299 Vulg.
406 3214 590 3295 ἐνδοιαστῶς,
613 3219 709 3280 recte.
746 3226 768 3279 Β
792 3215 977 3291 ἕργυοιστῶς.
1003 3212 1098 3280 Valla
1125 3213 1295 3298 „anceps’'.

186 3451 292 3537 Caput
316 3450 369 3518 88.
404 3450 492 3517 Libri
521 3451 707 3531 τρισκαίδεκα
739 3457 868 3536 praeter
898 3452 942 3536 B,
974 3451 1008 3516 in
1032 3472 1096 3535 quo
1120 3457 1170 3518 est
1192 3453 1409 3533 τρεῖσκαιδεκα.

142 3569 350 3638 Scribendum
374 3577 450 3650 τρεῖς
473 3571 523 3635 καὶ
547 3571 626 3636 δέκα.

186 3689 266 3756 Ibid.
290 3689 380 3775 Vulg.
404 3691 432 3762 ἐς
456 3693 508 3765 τὴν
525 3693 633 3756 αὐτοῦ
649 3689 698 3755 καὶ
716 3691 871 3765 Ἀθηναίων
886 3692 1006 3774 φιλίαις
1024 3704 1045 3757 Β
1062 3692 1187 3757 ἑαυτοῦ
1204 3712 1279 3759 vera
1302 3692 1410 3762 lectio·

141 3810 235 3877 Valla
260 3810 312 3891 „in
336 3831 428 3876 suum
451 3814 484 3876 et
507 3810 747 3878 Atheniensium
771 3807 942 3877 favorem”.

186 3929 267 3996 Ibid.
293 3928 385 4015 Vulg.
417 3928 493 4002 ὅπως
525 3932 642 4006 μᾶλλον
672 3929 712 3995 δι’
744 3931 830 3996 αὐτὸ
863 3931 963 4011 σφίσιν
995 3929 1190 4011 ἀναγκάζοιτο
1221 3940 1410 4012 προσχωρεῖν.

141 4051 257 4136 Reate,
281 4050 327 4118 sie
343 4049 437 4116 Valla
452 4070 596 4133 quoque:
623 4055 678 4130 „ut
695 4071 732 4116 eo
748 4049 848 4135 magis
862 4048 917 4115 ille
934 4054 1100 4132 cogeretur
1116 4072 1183 4135 per
1198 4049 1268 4117 hoe
1283 4051 1410 4137 ipsum

263 4233 276 4239 ..-
289 4232 386 4239 ---·---

175 4350 202 4414 1)
220 4350 251 4401 ci.
270 4349 389 4401 Stahlius
408 4350 436 4400 in
453 4349 514 4400 edit.
533 4346 595 4411 maj.

175 4445 201 4511 Β)
221 4445 403 4514 Mnemosynes
421 4445 454 4496 N.
472 4445 498 4495 S.
517 4446 565 4496 vol.
584 4443 647 4496 xlv
665 4459 722 4513 pag.
742 4441 798 4493 430.
