3098 4988
791 281 855 346 122

184 521 304 609 fugisse
332 520 522 604 traduntur,
553 517 610 585 ubi
633 518 764 585 tandem
788 517 943 584 manserit
964 538 1080 602 rugare
1107 517 1202 584 velim
1226 517 1337 585 classis
1361 541 1456 606 pars,

184 661 268 726 quae
291 638 429 706 Lesbum
452 638 523 705 vela
546 636 698 703 dedisset.

231 876 337 962 Caput
362 875 426 941 104
448 872 472 964 ξ
496 876 526 940 2.
549 875 573 939 οἱ
597 875 650 951 μὲν
675 874 820 950 Ἀθηναῖοι
838 921 931 955 ....,
950 884 1013 949 νῆες
1037 874 1076 952 ἓξ
1099 877 1157 941 καὶ
1181 875 1415 952 ὀγδοήκοντα,
1436 878 1460 940 οἱ

185 998 211 1063 δ’
242 995 281 1063 αὖ
310 996 526 1070 Πελοποννήσιοι
649 995 735 1059 ὀκτὼ
771 1003 848 1068 νῆες
879 994 939 1058 καὶ
964 992 1148 1071 ἑξήκοντα.
1186 994 1239 1061 Sic
1261 995 1374 1081 vulgc,
1397 995 1462 1062 nisi

186 1115 273 1201 quod
303 1113 330 1178 B
362 1118 395 1180 et
425 1112 569 1179 nonnulli
599 1112 656 1178 elii
679 1112 755 1178 libri
777 1111 1021 1179 Atheniensium
1045 1133 1142 1179 naves
1167 1112 1312 1180 referunt
1333 1113 1461 1190 ἑβδομή-

186 1258 285 1299 κοντα.
320 1231 414 1299 Valla
443 1229 612 1298 verborum
643 1229 789 1296 ordinem
820 1231 955 1297 mutavit
988 1231 1152 1315 traditque
1183 1232 1273 1316 prius
1304 1230 1463 1316 Pelopon·

187 1350 348 1418 nesiorum
378 1349 506 1415 navium
536 1369 718 1426 numerum,
751 1348 867 1415 deinde
898 1349 1141 1415 Atheniensium
1177 1356 1210 1417 et
1240 1350 1370 1434 quidem
1396 1348 1462 1416 illis

187 1490 260 1535 cum
291 1467 419 1553 vulgata
449 1467 639 1534 adnumerat
670 1469 729 1546 68,
753 1467 804 1533 his
828 1473 936 1533 autem
962 1468 1014 1534 86.
1061 1467 1147 1546 Quot
1173 1475 1280 1535 tannen
1304 1489 1403 1534 naves
1427 1489 1463 1535 re

188 1610 263 1657 vera
285 1586 509 1654 attribuendae
532 1587 597 1652 sint
619 1586 748 1670 utrique
771 1586 892 1671 populo
915 1586 1093 1665 nescimus,
1117 1588 1187 1652 cum
1211 1587 1348 1671 scriptor
1364 1588 1463 1671 paulo

191 1706 402 1793 negligentius
426 1705 486 1771 hac
510 1706 550 1771 de
574 1725 609 1770 re
631 1725 690 1772 nes
713 1705 829 1771 doceat
852 1703 904 1786 (cl.
930 1727 955 1770 o.
982 1706 1045 1771 103
1068 1703 1093 1796 ξ
1114 1705 1464 1787 teneraetenerae

189 1824 254 1891 ύσαι
289 1823 461 1906 κατέφυγον
494 1821 659 1903 κομίζονται
695 1828 824 1906 narrat3
859 1842 1026 1887 numerum
1056 1829 1167 1889 autem
1200 1843 1264 1888 non
1288 1824 1466 1910 discimus).

233 1940 258 2032 ξ
282 1942 313 2006 3.
345 1939 440 2025 Vulg.
462 1939 546 2018 κέρας
570 1940 599 2004 δὲ
621 1946 680 2011 τοῖς
704 1941 759 2014 μὲν
782 1941 1015 2015 Πελοποννησίοις
1039 1936 1120 2019 εἶχον
1147 1939 1181 2005 τὸ
1204 1941 1272 2018 μὲν
1295 1940 1383 2018 δεξιὸν
1410 1953 1466 2009 Σο-

189 2061 322 2141 ρακύσιοι.
358 2059 384 2124 Β
407 2059 527 2145 injuria
549 2058 668 2125 omittit
682 2058 818 2124 alterum
835 2058 907 2134 μέν,
928 2056 980 2124 cui
995 2057 1170 2142 opponitur
1186 2059 1215 2123 δὲ
1231 2059 1265 2124 in
1281 2060 1314 2124 τύ
1326 2060 1350 2124 δ’
1362 2057 1466 2143 ἕτερον.

192 2178 289 2257 Haud
312 2176 408 2245 dubie
431 2177 622 2262 particulam
646 2198 857 2261 supervacare
880 2177 1006 2261 putarit
1029 2182 1193 2245 corrector
1217 2184 1349 2263 propter
1374 2180 1466 2264 prius

190 2296 261 2377 μέν,
292 2296 379 2380 quod
409 2300 517 2361 tamen
551 2300 676 2380 spectat
706 2296 748 2361 ad
781 2298 939 2371 Ἀθηναίοις
962 2296 1002 2363 δέ.
1037 2296 1132 2363 Valla
1155 2317 1214 2364 nos
1239 2298 1279 2363 de
1303 2297 1466 2382 scriptura

191 2417 343 2483 certiores
366 2414 473 2481 faeere
496 2435 561 2480 non
584 2420 700 2499 potest.

235 2533 318 2600 Ibid.
342 2533 434 2619 Vulg.
457 2534 470 2597 ύ
494 2533 524 2597 δε
547 2532 754 2612 Θρασύβουλος
778 2532 810 2596 τὸ
834 2531 932 2609 δεξιόν.
970 2546 992 2599 Β
1015 2533 1048 2598 τὸ
1072 2534 1101 2598 δὲ
1124 2532 1213 2610 δεξιὸν
1237 2535 1460 2615 Θρασύβουλος.

192 2651 285 2741 Valla
311 2651 477 2731 „dextrum
501 2650 728 2736 Thrasybulus.

235 2890 342 2974 Caput
367 2889 430 2955 105
452 2889 476 2980 ξ
500 2890 530 2954 2.
553 2888 646 2973 Vulg.
669 2888 734 2968 πρὶν
757 2890 781 2952 οἱ
804 2890 1021 2964 Πελοποννήσιον
1038 2891 1086 2956 δια
1102 2891 1135 2956 τὸ
1152 2894 1352 2972 κροτήσαντες
1369 2894 1463 2966 ἀδεῶς

191 3005 277 3073 ύιλλοι
300 3005 396 3082 ἄλλον
419 3013 489 3072 ναῦν
512 3006 643 3072 ύιύκειν
667 3005 787 3086 ύρξοιντο
814 3010 892 3088 μέρει
915 3008 969 3074 τινὶ
995 3013 1079 3091 σφῶν
1102 3009 1293 3090 ἀτακτότερον
1319 3009 1467 3087 γενέσθαι.

192 3126 299 3193 Recte.
322 3124 487 3203 Quomodo
510 3145 625 3209 graece
649 3125 713 3191 dici
735 3127 839 3210 possit
862 3128 909 3191 διὰ
931 3126 964 3192 τὸ
986 3129 1186 3205 κρατήσαντες
1214 3149 1278 3194 non
1293 3127 1466 3216 intellego,

191 3245 327 3329 ideoque
357 3265 428 3310 cum
458 3243 588 3329 vulgata
618 3242 727 3310 malim
759 3245 896 3313 retinere
928 3245 1052 3321 διύκειν,
1085 3267 1184 3330 quam
1219 3246 1350 3313 credere
1372 3267 1468 3332 prae·

193 3364 334 3431 stantiae
367 3363 514 3430 lectionis
547 3361 692 3434 διύκοντες
727 3363 764 3432 in,
792 3362 883 3429 libris
915 3364 1076 3431 nonnullis
1105 3367 1193 3431 etin
1217 3365 1375 3433 Vaticano
1399 3371 1468 3445 tra-

193 3482 287 3548 ditae.
319 3479 415 3547 Valla
442 3478 591 3546 liberius:
631 3479 752 3559 „donec
782 3479 1055 3564 Peloponnenses,
1094 3481 1171 3547 dum
1208 3482 1343 3549 uictoria
1373 3481 1467 3568 freti,

194 3621 304 3669 secure
338 3600 417 3667 alibi
450 3598 548 3664 alium
582 3598 829 3682 insequerentur
862 3620 994 3680 navem,
1030 3608 1206 3686 coeperunt
1242 3604 1384 3687 quadam
1416 3604 1467 3672 sui

192 3725 286 3804 parte
310 3717 438 3784 ordines
462 3712 613 3782 solvere''.

237 3836 314 3928 §ll
347 3835 440 3920 Vulg.
475 3833 592 3910 γνόντες
622 3832 647 3896 δ’
677 3834 701 3897 οἱ
733 3833 795 3914 περὶ
819 3834 867 3899 τὸν
891 3835 1098 3915 Θρασύβουλον
1222 3839 1467 3915 retroversa}

193 3956 345 4040 τρέτοοσι;
374 3967 396 4019 Β
427 3952 618 4032 ἠμύναντο,
650 3972 725 4018 vera
747 3951 853 4021 lectio.
900 3953 994 4021 Valla
1017 3961 1124 4023 utrum
1149 3957 1264 4024 viderit
1285 3959 1466 4036 ἀμύνονται,

195 4094 272 4141 sane
301 4093 365 4140 non
387 4071 572 4156 illepidum,
605 4089 649 4135 an
673 4069 828 4136 aoristum
850 4093 910 4156 pro
935 4080 1023 4140 certo
1047 4095 1111 4140 non
1134 4074 1277 4153 affirmo,
1302 4076 1467 4161 uulgatum

194 4212 269 4259 vero
292 4211 355 4258 non
378 4188 496 4255 refert:
522 4185 635 4274 „Quod
658 4187 949 4256 animadvertentes
973 4191 1194 4277 Thrasybulus
1218 4214 1290 4260 oum
1306 4194 1374 4262 suis
1389 4243 1397 4260 .
1411 4245 1418 4262 .
1433 4243 1467 4261 ..

195 4311 395 4395 repellunt
417 4316 516 4394 atque
538 4307 572 4372 in
595 4305 703 4390 fugam
726 4306 884 4374 vertunt''.
