3098 4988
695 336 737 402 61

75 572 166 640 10000
189 574 383 656 001001100,
407 573 519 643 eodem
542 574 636 643 modo
661 574 793 642 001000
816 578 928 642 nostro
952 572 1182 658 interpretatus
1205 576 1265 640 est.
1290 571 1345 657 (cf.

76 690 137 757 VH
160 713 187 760 0.
212 693 260 778 9).

119 933 226 1017 Caput
256 935 276 998 2
306 932 331 1023 ξ
357 935 384 1000 1.
429 934 521 1019 Vulg.
544 936 593 1001 nal
617 932 686 1008 11μο
709 934 861 1013 ἡγούμενον
884 934 1005 1016 βραχὺν
1027 934 1143 1000 icantur
1168 934 1216 999 τόν
1246 933 1345 1000 λοιπὸν

74 1050 213 1129 πόλεμον.
259 1052 459 1120 Praecedens
489 1053 659 1131 νομόσονντες
689 1052 784 1140 facit,
816 1059 853 1119 ut
879 1053 993 1120 inutile
1019 1053 1274 1120 additamentum
1301 1051 1344 1119 sit

74 1169 245 1256 ἡγούμενον,
270 1170 356 1256 quod
377 1171 411 1236 in
434 1171 460 1236 B
485 1170 576 1238 abest
599 1191 704 1257 neque
727 1194 748 1238 a
770 1170 866 1239 Valla
888 1169 1038 1240 refertur.

118 1284 143 1376 ξ
167 1289 196 1354 2.
224 1264 315 1374 Vulg.
339 1294 425 1356 recte
447 1292 602 1371 όργῶντες,
627 1303 649 1356 Β
673 1292 829 1371 oppansas.

119 1404 201 1472 Ibid.
246 1405 338 1492 Vulg.
369 1409 406 1480 ὡς
436 1406 471 1472 τό
498 1406 532 1485 γ’
566 1407 644 1472 ἔπιόν
671 1407 745 1489 όέρος
778 1403 877 1474 οἷοίτ’
900 1408 1012 1474 ἕοοντοον
1036 1407 1244 1487 περιγενέσθαι.
1291 1404 1344 1473 Sic

73 1524 172 1590 etiam
196 1525 301 1592 Valla
345 1527 496 1592 Attamen
528 1527 555 1592 B
579 1532 654 1593 ante
676 1522 724 1593 olor
748 1526 860 1594 inserit
884 1529 984 1611 adrui,
1012 1526 1116 1611 quod,
1140 1526 1216 1593 licet
1238 1525 1343 1610 primo

72 1642 218 1712 arrideat
249 1643 364 1712 obtutu
394 1651 492 1730 atque
524 1646 639 1730 cuique
670 1645 713 1712 ad
742 1645 919 1711 sententiae
946 1644 1137 1730 gravitatem
1161 1643 1343 1728 augendam

71 1762 219 1830 videatur
241 1764 446 1832 inserendum
470 1785 560 1850 esse,
584 1764 789 1831 nihilominus
814 1785 834 1831 a
858 1763 1012 1847 scriptore
1036 1761 1181 1830 additum
1204 1783 1275 1832 esse
1290 1763 1343 1830 vix

73 1887 193 1966 potest.
239 1881 317 1961 Quis
342 1883 426 1950 enim
450 1883 622 1950 crediderit
643 1883 872 1962 Athenienses,
905 1881 961 1967 qui
983 1881 1033 1948 vel
1055 1880 1159 1967 adjuti
1182 1881 1342 1949 sociorum

74 1997 205 2066 auxiliis
240 1999 363 2067 cladem
398 2001 600 2087 accepissent
632 2002 667 2067 in
700 2002 806 2068 insula
841 1999 967 2081 Sicilia,
1001 2000 1183 2085 insequenti
1217 2004 1342 2067 aestate

71 2116 180 2185 solos
205 2118 384 2201 superiores
407 2117 532 2187 futuros
556 2139 626 2188 esso
649 2118 852 2203 pedestribus
876 2119 1107 2203 maritimisque
1127 2118 1227 2205 copiis
1244 2119 1341 2186 amis·

72 2237 118 2304 sis
137 2237 314 2323 juventutis
336 2237 415 2305 flore
439 2240 627 2325 deperdito?
651 2239 703 2323 (cf.
727 2260 754 2306 c.
782 2242 797 2305 1
821 2238 846 2330 ᾗ
869 2242 915 2323 2).

114 2354 139 2446 ξ
162 2357 194 2423 3.
224 2355 375 2440 11010014
398 2357 489 2442 εἰκός,
512 2371 534 2424 Β
558 2361 594 2430 ως
617 2357 690 2431 εἰκός
715 2355 757 2434 ἦν.
803 2357 897 2425 Valla
920 2356 1000 2424 nihil
1022 2357 1126 2424 docet.

113 2473 138 2565 ἓ
159 2476 192 2542 4.
226 2474 318 2562 Vulg.
342 2475 528 2557 πανταχόθεν
552 2501 604 2556 τε;
628 2476 655 2541 Β
679 2475 783 2543 minus
806 2476 1005 2544 verisimilem
1022 2474 1152 2542 exhibet
1168 2474 1339 2544 lectionem

68 2593 211 2662 scribens
233 2594 424 2677 νοοοντοοχόόεν
447 2595 487 2661 δέ.
534 2596 632 2664 Valla
653 2597 733 2664 nihil
757 2596 861 2665 docet.

112 2711 195 2780 Ibid.
219 2712 313 2800 Vulg.
344 2715 540 2799 λογιζόμενον,
574 2730 596 2783 Β
628 2716 872 2799 δοκλομνζόμενον,
908 2716 994 2801 quod
1026 2714 1104 2782 alibi
1127 2713 1212 2800 apud
1237 2713 1337 2799 scrip-

67 2835 171 2897 torem
205 2837 350 2899 nostrum
384 2854 449 2900 non
483 2834 634 2901 invenias.
680 2834 799 2902 Notum
839 2854 916 2901 sane
949 2840 999 2901 est
1028 2831 1089 2901 hoc
1117 2831 1229 2899 ultimo
1253 2831 1336 2900 libro

67 2950 165 3019 semel
192 2952 370 3038 iterumque
401 2953 578 3040 Thucydidi
608 2952 695 3032 aaa}
713 2953 864 3033 λεγόμενοι
888 2952 1044 3021 vocabula
1066 2952 1237 3038 imputari,
1263 2972 1336 3019 cum

66 3075 173 3137 autem
197 3072 332 3157 simplex
353 3073 519 3156 λομίζενόοο
536 3073 654 3160 optime
670 3094 704 3140 se
720 3073 855 3153 habeat,
872 3071 951 3138 nihil
968 3093 1025 3140 cur
1040 3078 1198 3138 mutemus
1216 3091 1334 3139 causae

65 3195 237 3275 suppetere
259 3197 348 3276 puto.

109 3305 190 3374 Ibid.
220 3308 247 3373 B
271 3307 390 3394 injuria
412 3309 531 3377 omittit
553 3312 593 3391 εἰ,
622 3311 708 3396 quod
732 3312 827 3380 Valla
850 3311 1018 3398 expressit.

109 3543 215 3631 Caput
237 3547 258 3611 3
280 3544 305 3636 ξ
330 3548 358 3613 1.
392 3547 485 3634 Vulg.
510 3549 559 3614 xci
583 3551 648 3622 τοὺς
672 3550 781 3623 ἄλλους
805 3551 871 3622 τοὺς
894 3548 990 3632 ’001το
1006 3553 1166 3615 Θεσσαλῶν
1182 3545 1332 3630 ὑπηκόους,

60 3665 302 3747 μεμφομένων
332 3664 390 3730 aui
421 3666 548 3732 οόκόντων
576 3674 633 3733 τῶν
666 3673 842 3754 Θεσσαλῶν,
874 3667 993 3748 όμήρονς
1016 3668 1050 3733 τό
1072 3689 1154 3739 τινος
1178 3665 1331 3744 eudymos

61 3785 174 3870 δοῦνννν,
206 3785 233 3851 Β
265 3806 325 3871 pro
351 3788 548 3868 μεμφομένων
570 3787 649 3872 legit
671 3787 897 3869 μεμφομένους,
928 3785 1013 3869 quod
1037 3792 1170 3871 propter
1192 3785 1330 3853 vicinum

60 3903 201 3979 ὑπηκόους
226 3909 411 3991 corruptum
435 3925 505 3973 esse
528 3911 673 3992 apparet.
709 3905 803 3971 Valla
825 3904 974 3972 Vaticani
996 3904 1166 3972 lectionem
1182 3903 1328 3970 exhibet:

62 4029 117 4106 „et
146 4024 228 4091 alios
261 4025 346 4092 circa
369 4025 507 4111 populos
529 4027 658 4094 ditionis
681 4024 926 4113 Thessalorum,
957 4025 1018 4092 sibi
1042 4028 1225 4109 suspectos,
1248 4022 1327 4108 ipsis

58 4143 159 4211 etiam
182 4142 345 4210 Thessalis
367 4142 503 4210 invitis.'’

102 4259 127 4351 ξ
159 4262 189 4327 2.
222 4260 316 4345 Vulg.
348 4262 408 4326 uui
440 4263 584 4342 Repudiato
615 4268 702 4330 recte
724 4268 761 4329 01
791 4261 901 4329 Valla:
933 4262 1028 4342 „item
1051 4256 1253 4327 corinthiis.”
1298 4259 1326 4325 B

56 4380 205 4463 Κομνόόονς
228 4379 267 4448 δέ.
