3098 4988
823 315 867 381 66

254 550 360 637 Caput
385 550 473 642 12§
503 555 530 619 1.
553 550 644 636 Vulg.
668 552 845 635 φθήσονται,
871 551 897 616 Β
922 552 1012 618 addit
1034 578 1077 620 σε.
1102 553 1198 620 Valla
1220 552 1352 621 liberius
1375 555 1481 622 vertit

252 670 334 736 Ibid.
368 671 461 756 Vulg.
492 670 588 745 λέγων
618 668 661 734 dre
688 671 849 750 φθήσονπκί
878 694 911 734 πε
942 671 1124 743 πλεύσαντες
1153 671 1217 750 πρίν
1241 673 1293 746 πίον
1316 676 1372 737 τῶν
1396 677 1482 737 νεῶν

207 790 362 873 ξυμφορὰν
388 789 468 862 Χίους
492 789 630 873 αίθέσθαο,
653 802 763 855 3....
788 792 852 870 πρίν
875 791 892 866 ἢ
916 792 967 865 σὺν
989 798 1044 856 τῶν
1067 790 1259 867 Ἀθηναίων
1286 794 1360 861 κπὲ.
1385 793 1481 859 Unus

207 918 257 979 est
288 932 305 977 c
338 911 435 997 locis,
467 911 500 976 in
530 909 647 995 quibus
682 908 857 975 Vaticanus
888 909 1012 977 rettulit
1045 911 1199 978 lectiones
1226 912 1308 978 miro
1337 911 1432 978 modo
1458 934 1479 978 a

207 1033 337 1117 vulgata
359 1031 546 1098 recedentes
569 1030 745 1113 codemque
768 1035 911 1114 tempore
935 1031 1094 1114 pessimae
1116 1032 1266 1114 natael).
1312 1032 1480 1111 Quomodo

208 1151 292 1217 enim
315 1159 371 1218 σῶν
396 1151 550 1227 Ἀθηναίων
574 1148 725 1216 confundi
747 1150 887 1232 potuerit
911 1170 982 1215 cum
1005 1151 1071 1215 νέον
1086 1170 1178 1216 nemo
1194 1150 1353 1237 intelligit.
1381 1151 1481 1219 Valla

208 1276 316 1337 autem
347 1291 411 1338 non
445 1269 586 1336 reddidit
619 1274 675 1334 σῶν
709 1275 775 1332 νεῶν
809 1268 925 1335 nedum
959 1275 1014 1335 σῶν
1052 1272 1205 1346 Ἀθηναίων
1239 1272 1476 1356 interpretatus

208 1388 266 1456 sit:
302 1388 382 1455 haec
412 1388 510 1455 verba
540 1386 636 1472 igitur
666 1387 699 1452 in
730 1386 812 1452 libro
843 1387 911 1452 eius
942 1386 1094 1474 aberant,
1129 1389 1352 1476 sequiturque,
1376 1396 1413 1456 ut
1437 1391 1478 1457 de

208 1507 399 1574 emblemate
422 1507 595 1592 cogitemus
619 1507 661 1572 sit
686 1526 823 1572 necesse.
859 1505 1095 1572 Praemonitum
1122 1508 1173 1574 vix
1188 1512 1265 1592 puto
1281 1528 1479 1593 quemquam

208 1626 357 1694 dubitare
392 1627 432 1692 de
467 1627 579 1710 spuria
613 1632 731 1691 natura
761 1624 930 1691 verborum
961 1631 1017 1690 τῶν
1051 1622 1224 1704 Ἀθηναίων,
1263 1628 1342 1712 quin
1377 1630 1478 1696 etiam

207 1744 355 1828 vulgatae
386 1750 441 1809 σῶν
464 1750 530 1808 νεῶν
554 1744 595 1810 ad
619 1745 670 1818 οἶον
694 1742 847 1824 ξυμφορὰν
870 1742 1097 1826 explicandum
1120 1750 1195 1810 sunt
1217 1745 1338 1812 addita
1382 1746 1479 1824 Quod

207 1865 235 1931 si
259 1865 445 1950 statuimuS,
471 1864 630 1949 quomodo
653 1863 761 1928 variae
784 1860 938 1928 lectiones
961 1867 1071 1929 tantae
1095 1862 1287 1929 diversitatis
1305 1868 1395 1930 ortae
1412 1865 1480 1932 sint

207 2005 271 2050 non
302 1984 439 2069 amplius
469 1985 566 2064 latet;
596 1983 646 2050 bis
669 1984 754 2049 enim
777 1982 819 2047 ad
842 1984 894 2057 clv
918 1981 1071 2066 ξυμφορὰν
1094 1983 1327 2068 interpolatum
1351 1988 1419 2050 est:
1444 1985 1479 2050 in

206 2102 336 2187 vulgata
359 2103 482 2186 majore
507 2097 578 2168 cum
603 2103 709 2186 specie
733 2124 791 2187 per
813 2107 869 2167 τῶν
892 2108 972 2178 νεῶν,
996 2102 1154 2168 infelicius
1178 2108 1284 2169 autem
1308 2103 1342 2168 in
1365 2103 1393 2167 B
1416 2125 1479 2187 per

206 2227 262 2287 τῶν
306 2221 461 2298 Ἀθηναίων
506 2220 541 2310 (i.
576 2242 602 2288 e.
632 2222 755 2288 cladem
791 2221 831 2288 ab
866 2221 1074 2289 Athiensibus
1110 2221 1283 2307 Spartiatis
1317 2223 1478 2308 sociisque

206 2339 330 2405 illatam
346 2340 382 2425 2).

252 2456 333 2523 Ibid.
358 2457 450 2542 Vulg.
473 2459 522 2524 καί
546 2460 652 2544 αὐσθς,
675 2458 745 2525 ὅταν
768 2458 923 2539 προσβοίλκ
938 2509 945 2524 .
960 2509 966 2525 .
982 2509 1012 2525 ..
1036 2458 1161 2535 πείσειν,
1183 2472 1205 2524 Β
1228 2459 1278 2524 καί
1303 2461 1391 2534 αὐτὸς
1411 2458 1474 2540 dcc,

208 2576 241 2653 ἣν
272 2578 428 2661 moscus„
434 2627 528 2654 .....
562 2581 665 2645 πείσει.
711 2578 738 2642 Β
770 2583 856 2643 certe
887 2575 1118 2660 significantius
1142 2577 1223 2646 dixit
1243 2599 1303 2662 per
1325 2581 1477 2666 conjunc-

206 2695 325 2761 tionem
356 2695 405 2770 ἢνε
437 2696 532 2761 modo
560 2693 683 2760 Ioniam
714 2694 810 2760 adeat
831 2703 869 2761 ut
892 2715 998 2761 rerum
1020 2696 1066 2761 ibi
1088 2697 1238 2779 potiatur.
1285 2697 1358 2764 Hac
1380 2700 1414 2764 in
1439 2721 1475 2767 re

207 2834 278 2879 cum
301 2813 327 2876 Β
350 2813 429 2879 facit
453 2812 565 2879 Valla:
593 2818 645 2895 „et
668 2834 702 2878 se
726 2814 759 2878 si
782 2812 906 2878 leniam
923 2813 1038 2896 adeat,
1063 2813 1158 2880 facile
1175 2816 1278 2884 socios
1294 2816 1471 2885 Athenien·

206 2933 287 2998 sium
312 2933 456 2999 civitates
480 2932 522 2998 ad
546 2932 757 2999 defectionem
780 2931 1017 2998 inducturum.”
1052 2932 1143 3010 Quod
1168 2940 1275 3001 autem
1299 2936 1414 3002 attinet
1430 2936 1475 3003 ad

208 3051 378 3128 ἔσο-πείσει,
412 3051 543 3117 dubium
574 3056 674 3118 restat
703 3072 810 3117 annon
840 3051 1097 3135 anteponendum
1130 3052 1172 3118 sit
1199 3053 1365 3139 vulgatae,
1388 3075 1474 3138 qnae

206 3170 319 3237 saltem
343 3170 420 3236 ferri
442 3174 558 3254 potest.

250 3286 333 3352 Ibid.
358 3286 450 3371 Vulg.
473 3287 568 3365 λέγων
590 3284 756 3361 σίσθίνεναν,
781 3284 808 3349 Β
831 3285 956 3351 inverso
981 3287 1099 3352 ordine.

248 3405 329 3470 Ibid.
365 3405 459 3491 Vulg.
494 3407 659 3488 ποσπθπερον
689 3406 749 3486 ναν
771 3405 871 3470 σ’ίλλοον
900 3407 1073 3487 (θανεῖσθαι,
1098 3419 1120 3471 Β
1145 3406 1354 3488 πιστθσεροο
1378 3408 1470 3474 unice

203 3545 324 3590 verum.
362 3523 456 3591 Valla
481 3547 575 3605 „nam
598 3525 659 3591 sibi
682 3529 810 3609 praeter
833 3529 976 3590 caeteros
999 3523 1094 3590 fidem
1119 3524 1205 3609 apud
1228 3525 1302 3592 illos
1325 3524 1424 3593 iore.''

215 3786 218 3791 ’
247 3760 352 3846 Caput
376 3763 428 3831 13.
458 3760 483 3851 ξ
509 3765 537 3829 1.
573 3763 666 3847 Vulg.
696 3761 894 3843 ἀνεκομίζοντο
908 3809 915 3825 .
930 3810 937 3825 .
953 3810 982 3827 ..
1014 3762 1063 3826 καί
1097 3763 1132 3826 αἱ
1164 3763 1224 3828 οίπθ
1256 3771 1309 3840 πῆς
1330 3762 1469 3838 Σικελίας

201 3881 433 3956 Πελοποννησίων
456 3882 611 3948 ἑκκαίδεκα
635 3887 708 3954 νῆες.
739 3881 880 3958 Quarum
903 3879 1031 3946 navium
1053 3901 1220 3948 numerum
1243 3903 1316 3949 eum
1340 3905 1381 3951 ex
1404 3883 1466 3968 VI,

233 4178 407 4241 1)cs.class.
425 4177 505 4242 praef.
522 4176 540 4226 l.
558 4173 628 4225 VIII.
646 4190 703 4240 pag.
723 4174 795 4225 XXI.

232 4273 260 4338 d)
283 4274 315 4324 cl.
338 4289 362 4323 c.
385 4272 415 4323 15
438 4272 547 4337 §lade
571 4270 639 4324 Χίον,
663 4270 705 4319 vbi
728 4271 817 4319 ecdem
838 4270 900 4332 jure
923 4273 1123 4334 expectaremus
1150 4269 1190 4318 θτι
1212 4269 1371 4333 ἀφέστηκεν,
1397 4275 1465 4338 quod

200 4369 334 4433 proposuit
351 4369 558 4431 HerwerdenuS‚
580 4380 622 4415 me
636 4365 724 4428 judice
742 4371 832 4415 tamen
851 4367 892 4416 vix
910 4370 990 4417 recte.
