3098 4988
824 324 868 387 68

210 558 359 644 copulam
375 557 546 643 expressit:
565 558 761 642 „aderatque
778 558 807 626 ei
822 559 1097 628 Clazomeniorum
1113 564 1211 645 atque
1222 560 1480 648 Erythraeorum

210 674 403 762 peditatus.'’

255 792 280 884 ᾖ
311 796 340 861 2.
374 793 464 881 Vulg.
495 795 714 877 προαισθόμενος
745 795 771 861 δ’
799 797 1056 880 ὂΣπρομβιχίδνς
1079 798 1320 879 προοιννὶγεπος
1350 797 1479 876 Βὲξοιν·

209 914 316 991 ἤνετο,
340 913 392 980 eni
415 911 528 981 Vallae
554 913 789 995 „abscessit”
811 920 920 1000 potest
942 916 1147 1002 respondere.
1182 917 1220 982 ln
1243 921 1395 1002 promptu
1419 915 1479 982 etsi

209 1036 259 1099 est
281 1032 387 1099 dicere
411 1033 636 1115 Στρομβιχίδης
659 1033 818 1112 οξοινήρεπο
834 1034 853 1099 i.
871 1055 898 1100 e.
913 1039 1040 1120 portum
1057 1035 1205 1119 reliquit,
1225 1034 1355 1121 vulgata
1370 1040 1478 1102 tamen

210 1172 342 1238 prorsus
374 1152 486 1220 odiosa
514 1174 579 1220 non
610 1159 676 1220 est:
709 1154 825 1221 etenim
858 1177 929 1223 cum
960 1154 1201 1223 Atheniensium
1225 1156 1290 1223 dux
1313 1177 1478 1224 aceessum

208 1270 348 1338 hostium
381 1272 629 1357 praesensisset,
662 1273 708 1338 nil
743 1274 895 1339 miramur
932 1295 1004 1341 eum
1032 1275 1065 1341 in
1094 1275 1194 1341 altum
1225 1275 1297 1342 vela
1327 1275 1475 1360 dedisse,

209 1395 383 1476 antequam
407 1391 532 1458 hostilis
555 1392 668 1460 classis
692 1392 830 1460 adesset.

253 1509 330 1598 53.
366 1506 456 1595 Vulg.
485 1509 534 1574 sai
567 1508 693 1591 ἐπέσχον
722 1512 777 1588 μὲν
807 1511 835 1575 οἱ
867 1512 1014 1589 πολλοί,
1043 1512 1222 1577 Bructeri
1245 1509 1359 1594 πεζοι,
1392 1511 1477 1596 quod

209 1649 231 1696 a
252 1628 347 1697 Valla
377 1629 557 1698 stabilitur:
591 1631 908 1715 „peditatumque
1026 1630 1289 1711 introduxerunt,
1314 1630 1382 1714 qui

208 1725 335 1816 muros
358 1749 568 1817 demolitus
590 1748 675 1816 est.’'

252 1867 333 1935 Ibid.
356 1868 447 1953 Vulg.
470 1870 605 1951 καθῄρουν
628 1868 725 1954 αὐτοὶ,
750 1868 777 1933 Β
793 1867 883 1935 addit
899 1866 1046 1952 copulam
1062 1891 1109 1945 τε,
1135 1867 1176 1933 de
1191 1886 1257 1951 qua
1274 1866 1475 1935 vehementer

209 1985 321 2055 dubito
344 1986 386 2054 ob
410 2007 548 2072 sequens
571 1987 766 2067 ξονιιινήρονν
789 1987 834 2055 δέ.
877 1985 971 2053 Valla
993 1985 1141 2070 neglexit.

254 2105 337 2174 Ibid.
363 2104 453 2190 Vulg.
476 2107 544 2187 πρὸς
568 2107 696 2186 ἤπειρον,
721 2105 748 2171 Β
770 2111 857 2174 reeta
880 2107 917 2170 πὸ
940 2105 1008 2187 πρὸς
1032 2105 1153 2186 ἤπειρον.

253 2224 335 2295 Ibid.
360 2224 454 2310 Vulg.
477 2222 513 2290 ὧν
538 2222 611 2307 ἦρχε
634 2224 769 2303 Σποίννο.
805 2224 911 2291 Variis
935 2224 1036 2291 modis
1059 2223 1093 2288 in
1116 2223 1205 2291 libris
1228 2221 1367 2289 refertur
1386 2222 1475 2289 duris

208 2362 340 2421 nomen;
373 2342 400 2409 si
430 2349 539 2410 antem
569 2344 654 2410 idem
685 2348 749 2423 est,
781 2342 837 2426 qui
868 2341 948 2409 Xen.
978 2341 1062 2409 Hell.
1091 2342 1118 2409 l.
1143 2343 1173 2408 2.
1196 2341 1240 2407 20
1263 2343 1472 2427 memoratur,

209 2464 295 2526 certe
318 2460 521 2528 scribendum
545 2467 595 2530 est
617 2461 742 2539 Σιοὲννιο
759 2461 797 2546 ¹).

252 2726 358 2814 Caput
385 2730 421 2795 17
445 2727 470 2819 ὅ
493 2730 524 2798 2.
549 2729 644 2815 Vulg.
668 2729 722 2800 τοὶς
745 2752 783 2793 πε
906 2732 986 2800 rata.
1010 2726 1167 2812 copulam
1193 2743 1277 2808 quae
1293 2723 1474 2792 nonhabet

208 2866 273 2931 quo
296 2849 448 2934 respiciat
470 2850 496 2915 B
521 2855 553 2917 et
575 2849 669 2916 Valla
691 2849 878 2916 omiserunt.

251 2964 276 3056 ξ
298 2968 329 3033 4.
354 2966 445 3052 Vulg.
471 2971 488 3045 ἡ
513 3016 588 3034 ....
612 2967 779 3048 &eupraxia
896 2965 1039 3043 ἐγένετο
1055 2961 1121 3038 ἥδε,
1142 2966 1237 3027 recte.
1261 2960 1472 3039 Βὲγεγέννρπο.

207 3083 315 3153 Valla:
340 3085 477 3153 societas
500 3084 582 3152 inita
604 3085 680 3152 est''.

250 3352 357 3437 Caput
383 3352 423 3417 18
447 3350 471 3442 ᾖ
495 3354 524 3418 2.
560 3352 651 3439 Vulg.
685 3341 736 3420 ποῦ
770 3353 899 3423 πολέμου
935 3352 1003 3431 πρὸς
1034 3349 1217 3428 Ἀθηναίους,
1249 3347 1276 3414 Β
1304 3354 1382 3416 ants
1405 3349 1473 3430 πρὸς

205 3471 318 3537 inserit
340 3468 425 3555 τούς,
449 3471 535 3556 quod
559 3493 630 3538 cum
653 3473 806 3540 Classeno
828 3473 1018 3540 mutandum
1042 3471 1148 3540 estin
1162 3475 1223 3537 ποῦ.
1248 3468 1364 3536 Valla:
1384 3467 1472 3550 „bel-

205 3590 335 3675 lumque
359 3611 430 3656 eum
455 3588 701 3659 Atheniensibus
725 3592 897 3659 dissolvere
919 3612 960 3658 ne
982 3591 1106 3660 liceat?

249 3706 274 3798 §
296 3710 326 3776 3.
351 3708 442 3794 Vulg.
466 3710 596 3787 πολέμιοι
620 3710 750 3777 ἔοπωοοιν
765 3711 998 3790 βοισιλεῒιιοιποὶ
1021 3717 1158 3788 τοῦτον,
1176 3724 1198 3776 Β
1214 3710 1309 3775 κοινοὶ
1333 3708 1470 3785 satra,

205 3826 292 3912 quod
321 3831 429 3894 tuetur
460 3828 632 3895 Classenus
663 3829 802 3897 laudans
829 3831 849 3896 1.
874 3829 903 3895 V
927 3851 955 3898 c.
982 3831 1022 3895 18
1044 3827 1069 3919 ξ
1092 3829 1124 3896 9.
1170 3827 1264 3894 Valla
1294 3847 1367 3893 cum
1394 3847 1471 3893 non·

204 3946 300 4013 nullis
322 3943 413 4013 libris
435 3946 517 4011 κονποὶ
539 3953 639 4012 τοῦτον
667 3949 832 4035 conjungit
853 3970 925 4014 cum
949 3947 1064 4032 capitis
1081 3946 1243 4030 sequentis
1259 3943 1368 4030 initio,
1385 3943 1471 4010 unde

204 4065 306 4132 oritur
327 4063 439 4146 leutio,
469 4083 553 4148 quae
576 4064 714 4149 speeiem
735 4067 854 4133 'saltem
875 4065 976 4132 habet
998 4063 1092 4130 modo
1116 4061 1239 4130 scribas
1262 4062 1347 4128 κοιποὶ
1369 4069 1470 4130 τοῦτον

235 4394 264 4458 1)
281 4394 313 4445 ci.
330 4395 412 4458 praef.
431 4392 578 4461 pag.V111.
625 4418 627 4422 Δ
