3098 4988
584 359 817 410 Pnsnnsulo.
1091 395 1095 404 ,
1230 373 1234 381 ·
1286 354 1337 400 v11

71 579 166 658 faoit;
197 581 249 646 vix
279 580 364 647 enim
393 580 514 647 factum
538 601 608 647 esee
631 585 753 665 potest,
784 584 822 646 ut
843 578 972 663 Vallae,
998 579 1048 644 cui
1071 597 1207 662 graecus
1232 593 1335 642 sermo

71 703 120 766 tot
150 704 322 784 tantasque
351 699 536 784 praebuerit
567 698 789 777 difficultates,
823 700 941 784 quique
963 719 1003 766 ex
1026 696 1154 764 scholiis
1176 694 1337 762 interdum

71 819 191 886 discere
221 820 398 905 neglexerit
427 842 534 887 reram
561 821 728 888 lectionem
751 819 907 919 (cf3VIlI
930 842 957 888 c.
982 819 1023 886 81
1048 798 1159 903 finiet,
1192 815 1254 882 arti
1278 813 1337 879 cri·

69 939 153 1005 ticae
175 938 209 1002 in
232 939 419 1023 scriptorem
443 943 585 1006 nostrum
609 937 806 1005 exercendae
828 916 971 1004 animum
993 935 1182 1012 intenderit,
1199 935 1336 1019 ideoque

68 1055 174 1123 latina
215 1057 329 1125 Vallae
367 1037 591 1144 interpretatio
624 1057 699 1125 libri
728 1058 855 1144 graeci,
886 1058 943 1142 qui
972 1055 1116 1140 evanuit,
1148 1055 1255 1139 imago
1291 1050 1336 1119 ad

70 1173 173 1238 vivum
196 1194 349 1259 expressa
372 1181 420 1242 eet
437 1175 590 1242 ducenda.
616 1175 805 1242 Accuratiue
822 1178 930 1242 autem
947 1172 1062 1240 Vallae
1077 1192 1174 1257 opere
1189 1172 1337 1254 inspecto

68 1292 285 1377 agnoscimus,
320 1292 453 1379 librum,
490 1314 585 1378 quem
621 1299 698 1360 ante
735 1292 843 1360 oculos
866 1292 1034 1371 habuerit,
1065 1291 1141 1357 lieet
1163 1310 1227 1356 non
1250 1288 1334 1354 vitiis

67 1417 212 1489 vacaret,
242 1416 358 1478 tantae·
382 1411 482 1478 fnisse
513 1412 750 1496 praestantiae,
780 1415 817 1477 ut
837 1431 878 1476 ne
902 1410 1060 1477 Vaticano
1090 1407 1219 1494 quidem
1242 1408 1337 1474 cedat

68 1530 110 1597 eit
132 1550 269 1599 necesse.
315 1531 407 1611 Quod
430 1551 502 1596 cum
526 1550 565 1596 ex
588 1529 800 1615 Thucydideis
824 1528 940 1596 studiis
964 1529 1042 1595 meis
1065 1527 1223 1605 noverim,
1248 1548 1335 1593 cum-

68 1669 130 1734 que
168 1654 339 1734 praeterea
376 1649 552 1718 Vaticanus
587 1651 723 1735 septimo
757 1654 791 1717 et
824 1655 937 1717 octavo
972 1647 1055 1716 libro
1090 1648 1183 1732 longe
1218 1647 1335 1714 ceteris

67 1765 240 1833 antecellat
263 1766 443 1847 codicibus,
467 1788 584 1853 operae
607 1767 745 1854 pretium
768 1765 923 1852 putabam
946 1787 1017 1834 esee
1040 1764 1156 1833 Vallae
1178 1766 1335 1850 interpre-

66 1884 221 1976 tationem
253 1905 324 1977 cum
354 1886 476 1969 optimo
499 1886 526 1952 B
549 1885 710 1972 conferre,
745 1887 784 1953 de
815 1886 981 1969 utriusque
1005 1884 1208 1970 praestantia
1230 1870 1335 1970 inqui-

66 2023 156 2098 rere,
188 2002 326 2087 denique
353 2007 476 2070 textum
500 2025 597 2089 quarn
620 2004 860 2073 accuratissime
884 2003 1086 2071 constituere.
1133 2001 1334 2087 Quamquam

64 2120 194 2206 Poppo‚
226 2122 261 2186 in
291 2121 404 2188 ceteris
435 2121 474 2187 de
506 2121 690 2208 Thucydide
712 2123 832 2209 optime
856 2121 1006 2200 meritus,
1034 2121 1104 2207 jam
1127 2119 1234 2187 multis
1259 2125 1335 2186 ante

69 2237 162 2304 annis
188 2238 297 2306 Vallae
319 2239 617 2326 interpretationem
640 2241 871 2310 conferendam·
892 2261 962 2308 esse
985 2239 1091 2321 duxit;
1116 2239 1201 2324 quod
1224 2243 1334 2305 tamen
1403 2218 1407 2222 ’

64 2376 144 2441 opus
174 2356 255 2424 adeo
286 2360 316 2423 ἐν
345 2360 481 2443 παρέργῳ
510 2362 633 2447 posuit,
665 2360 702 2430 ut
723 2362 911 2448 plerumque
934 2360 1092 2447 propositi
1114 2359 1331 2426 immemorem

36 2516 37 2520 =
64 2474 162 2544 fuisse
194 2477 313 2546 dixeris
344 2480 444 2547 virum
475 2481 617 2550 doctu-m.
663 2481 781 2549 Omnes
804 2482 902 2567 igitur
926 2501 1008 2566 quse
1030 2480 1064 2545 in
1086 2480 1114 2545 B
1138 2482 1332 2563 suppetunt,

64 2595 170 2661 varias
192 2596 345 2664 lectiones
369 2620 441 2665 cum
464 2599 579 2667 Vallae
601 2600 706 2668 verbis
730 2601 907 2686 composni3
924 2600 1027 2686 deque
1043 2598 1210 2684 utriusque
1225 2597 1351 2684 gravi·⁴

64 2716 132 2779 tate
155 2718 251 2798 atque
275 2716 466 2783 auctoritate
490 2739 587 2803 quam
609 2719 701 2804 potui
722 2720 962 2787 accuratissime
978 2719 1150 2804 disputavi.
1183 2715 1342 2784 Perfecto.

64 2835 172 2897 autem
204 2853 299 2917 opere
331 2842 478 2921 suscepto
505 2855 695 2923 persuasum
721 2839 799 2906 mihi
823 2844 873 2906 eet
895 2838 1010 2906 Vallae
1033 2837 1330 2923 interpretationem
1380 2854 1389 2925 l

64 2971 129 3016 non
168 2951 269 3018 solum
308 2953 383 3020 libri
417 2955 493 3023 boni
527 2957 632 3023 instar
665 2978 752 3036 esse,
794 2978 903 3024 verum
939 2958 1037 3024 etiam
1071 2955 1328 3041 anteponendam
1384 2944 1389 3017 ἶ

63 3071 238 3155 Vaticano,
261 3073 290 3140 si
312 3075 479 3160 quaeritur
495 3077 534 3143 de
550 3074 693 3143 locorum
705 3097 847 3163 numero,
862 3079 894 3144 in
912 3077 1029 3162 quibus
1045 3082 1178 3162 uterque
1195 3096 1328 3161 scopum
1376 3114 1382 3181 ὲ

62 3189 146 3260 ierit.
170 3194 245 3261 Jam
269 3216 349 3281 opus
373 3201 424 3264 est
445 3197 586 3282 probare
606 3199 680 3285 jure
704 3219 755 3265 me
780 3218 908 3266 censere
932 3198 1082 3265 Vaticani
1105 3194 1329 3264 memorabiles

61 3309 216 3380 lectiones
256 3335 373 3400 magna
410 3337 468 3401 pro
503 3322 597 3401 parte
630 3337 696 3384 non
731 3317 903 3384 correctori
937 3316 1047 3384 deberi
1082 3316 1139 3384 sed
1174 3315 1328 3382 collatori.

60 3430 330 3500 Annotationibus
354 3434 473 3502 criticis
495 3436 648 3521 inspectis
670 3436 809 3523 pellucet
831 3436 1022 3504 Vaticanum
1037 3455 1215 3522 persaepe,
1231 3435 1329 3500 etiam

60 3551 258 3636 gravioribus
288 3554 322 3618 in
352 3554 448 3621 rebus
472 3576 492 3621 a
514 3554 609 3622 Valla
637 3556 798 3623 recedere.
844 3555 959 3640 Itaque
981 3554 1051 3622 fieri
1074 3575 1137 3620 non
1161 3558 1270 3639 potest
1291 3557 1328 3618 nt

61 3668 88 3733 B
120 3673 152 3735 et
183 3671 345 3757 exemplar
379 3692 548 3757 graecum,
585 3693 649 3757 quo
684 3672 777 3739 Valla
812 3673 855 3738 sit
887 3693 981 3753 usus,
1020 3671 1132 3738 eodem
1167 3692 1206 3738 ex
1240 3671 1327 3737 fonte

60 3785 225 3867 fluxerint3
258 3789 300 3856 ab
332 3790 435 3857 altera
466 3797 574 3857 autem
605 3795 698 3877 parte
727 3791 873 3876 plurimis
896 3791 975 3858 locis
998 3791 1189 3857 Vaticanum
1213 3788 1326 3855 Vallae

59 3906 317 3991 interpretationi
354 3909 573 3976 concinentem
602 3909 760 3976 videmus:
797 3909 955 3995 quomodo
988 3909 1085 3994 igitur
1118 3906 1326 3992 explicaveris

59 4026 206 4093 Vaticani
237 4027 472 4112 praestantium
503 4030 882 4116 scripturarumcopiam
905 4032 967 4098 nisi
990 4030 1110 4116 putetis
1134 4028 1276 4095 codicem
1298 4027 1325 4092 B
1383 4114 1386 4120 .

58 4166 122 4212 non
147 4146 249 4213 solum
272 4148 464 4214 recensitum
488 4169 576 4234 esse,
608 4149 665 4216 sed
689 4152 784 4217 eliam
810 4151 961 4219 collatum
985 4171 1056 4216 cum
1080 4147 1162 4215 libro
1186 4147 1325 4232 quodam

58 4265 199 4349 optimae
222 4265 345 4333 notae‘l
368 4266 525 4350 Equidem
548 4287 661 4335 revera
684 4288 723 4334 ex
738 4269 972 4354 praestantium
989 4265 1138 4334 Vaticani
1153 4265 1325 4332 lectionum

57 4383 152 4469 copia
185 4384 262 4461 illa,
301 4383 474 4494 correctori
513 4388 681 4468 acceptum
714 4383 833 4452 referre
868 4384 935 4453 fere
972 4384 1065 4452 velim
1099 4383 1325 4450 vocabulorum
