3098 4988
701 305 741 385 il

83 553 200 631 inserit
221 562 323 643 πεζὸν,
347 562 434 646 quod
457 561 567 640 Valla,
591 559 686 638 alibi,
712 559 816 626 nteit
841 558 1002 637 Stahlius‚
1027 559 1093 626 fere
1117 580 1242 644 semper
1266 544 1354 626 Vati·

86 704 169 748 cano
204 682 422 759 consentiens,
452 683 526 766 jure
558 681 710 765 neglexit,
745 679 822 763 quia
850 678 991 744 barbara
1014 684 1051 743 ut
1072 677 1130 756 fiat
1153 677 1248 746 lectio
1275 679 1354 745 facit

84 802 359 869 additamentum:
387 821 501 886 graece
524 801 651 867 omnino
676 799 846 866 dicendum
869 807 942 865 erat
965 800 1013 864 τὸν
1037 798 1161 880 στρατὸν
1184 801 1233 864 τὸν
1257 800 1353 882 πεζόν.

86 922 199 990 Valla:
227 923 418 1006 „resumptis
441 921 506 987 suis
530 920 630 1004 copiis
653 919 783 1003 trajecit
803 920 837 984 in
861 917 985 984 Chium.

131 1161 237 1244 Caput
267 1156 357 1247 245
385 1159 411 1224 1.
442 1156 534 1242 Vulg.
559 1157 701 1235 ἔστησαν,
725 1169 747 1221 Β
772 1154 904 1237 ὕστερον,
929 1157 1024 1223 male.
1060 1156 1171 1224 Valla:
1204 1165 1354 1238 „erecto

85 1277 277 1365 trophaeo.''

130 1396 154 1487 ξ
179 1400 210 1465 2.
234 1396 326 1481 Vulg.
350 1398 382 1460 ἐκ
405 1394 523 1472 Λέσβου
547 1395 574 1460 Β
598 1400 672 1461 ante
695 1393 813 1473 Λέσβον
836 1393 935 1461 habet
958 1401 1026 1475 τοῦ,
1050 1396 1136 1480 qnod
1159 1395 1301 1463 Stahlius
1322 1403 1355 1463 et

85 1516 320 1583 Herwerdenus
345 1535 409 1582 non
432 1519 631 1598 receperunt.
677 1512 788 1579 Vella:
816 1533 876 1594 „ex
899 1512 1034 1580 Lesbo.''

130 1635 213 1702 Ibid.
248 1633 339 1718 Vulg.
371 1634 402 1698 ἕν
433 1659 466 1699 τε
498 1635 657 1698 Οἷνονσσῶν
694 1638 750 1697 τῶν
784 1634 837 1713 πρὸ
861 1634 929 1699 Χίον
952 1636 1042 1710 νήσων
1066 1635 1115 1699 καὶ
1139 1637 1171 1700 ἐκ
1195 1634 1353 1711 Σνδούσσης

85 1755 135 1820 καὶ
171 1757 203 1820 ἐκ
237 1759 383 1830 Πτελεοῦ,
418 1751 438 1819 οἳ
473 1755 502 1818 ἐν
533 1762 570 1833 τῇ
602 1752 752 1831 Ἐρυθραίρ
785 1747 864 1831 εἶχον
894 1753 981 1832 τείχη
1014 1753 1168 1831 ὁρμώμενοι
1203 1755 1252 1818 τὸν
1285 1754 1354 1833 πρὸς

85 1875 151 1947 τοὺς
175 1874 259 1946 Χίους
283 1872 411 1950 πόλεμον
433 1871 492 1936 ἀπὸ
515 1878 570 1937 τῶν
593 1877 659 1935 νεῶν
682 1872 835 1936 ἐπονοῦντο.
870 1869 897 1934 Β
921 1878 995 1955 post
1012 1875 1099 1953 τείχη
1116 1872 1207 1938 addit
1221 1875 1354 1957 οὲσηραν,

84 1993 290 2059 tribuendum
321 1991 490 2077 interpreti
520 1991 593 2075 qui,
625 1991 813 2056 medicinam
838 1989 991 2056 adhibere
1014 1996 1152 2077 putans,
1178 1994 1355 2060 sententiae

88 2119 233 2180 tenorem
256 2111 407 2177 turbavit.
432 2109 596 2189 Quomodo
612 2110 695 2176 enim
713 2131 752 2175 ex
772 2109 924 2177 Oennssis
940 2111 1071 2196 insulis,
1092 2132 1132 2177 ex
1149 2111 1299 2191 Sidnssa,
1315 2134 1355 2178 ex

88 2230 197 2297 Pteleo
214 2231 382 2315 enavigare
398 2236 572 2314 potuerunt
586 2229 827 2295 Atheniensium
843 2229 940 2296 duces
957 2235 1070 2297 contra
1085 2229 1208 2318 Chium,
1226 2232 1355 2298 eodem·

88 2371 150 2434 que
173 2355 317 2434 tempore
341 2371 359 2414 e
383 2347 511 2415 Lesbo?
545 2348 633 2426 Quae
657 2346 831 2414 difficultas
854 2352 956 2415 restat
972 2349 1097 2415 etiamsi
1114 2371 1186 2415 cnm
1202 2349 1355 2418 Classeno

87 2468 141 2552 (ci.
172 2468 256 2535 Krit.
287 2467 385 2552 Aah.)
417 2467 583 2533 scribimus
612 2469 729 2547 οέτῆραν
760 2470 792 2531 εά
821 2474 873 2539 τῆς
898 2466 1017 2543 Λέσβον
1040 2467 1089 2531 καὶ
1114 2468 1269 2548 ὁρμώμενοι
1292 2471 1354 2537 κτὲ.

86 2588 265 2672 Corruptus
288 2606 365 2652 sane
388 2587 477 2653 locus
501 2592 566 2664 est;
592 2586 678 2671 quod
701 2586 798 2653 etiam
822 2585 960 2652 efficitur
982 2607 1022 2652 ex
1037 2586 1147 2668 Valla,
1171 2588 1227 2672 qui
1242 2590 1354 2655 vertit:

91 2728 192 2792 „quos
217 2727 324 2772 muros
347 2707 380 2770 in
403 2706 583 2790 Erythraea
606 2704 786 2785 habebant,
816 2705 1011 2772 diruerunt.''
1056 2706 1118 2773 Pro
1141 2710 1256 2788 ἀπῆραν
1279 2707 1357 2792 legit

87 2825 185 2911 igitur
207 2828 356 2900 καθεῖλον,
381 2825 468 2909 quod
494 2832 641 2910 superest
662 2824 696 2889 in
721 2824 748 2888 D
772 2830 804 2890 et
827 2824 851 2890 I.

133 2943 157 3034 ἓ
180 2946 211 3010 3.
233 2943 326 3028 Vulg.
350 2947 495 3024 Βολίσσῳ,
517 2948 553 3008 ut
577 2942 670 3009 Valla
696 2940 904 3026 ‚,Bolissum''‚
929 2941 956 3006 B
979 2948 1065 3009 recte
1089 2945 1215 3024 Βολίσαῳ
1232 2945 1270 3029 1).

130 3061 155 3152 ξ
184 3063 217 3129 4.
253 3063 345 3147 Vulg.
376 3071 436 3127 Χῖον
465 3062 524 3142 γαρ
555 3063 633 3139 μόνον
664 3064 744 3139 μετα
776 3062 1021 3138 Λακεδαιμονίους
1152 3064 1355 3140 εὐδαιμονή-

89 3207 213 3253 σαντες
247 3179 315 3259 ἅμα
346 3181 396 3246 καὶ
421 3180 631 3265 ἐσωφρόνησαν,
655 3179 682 3244 Β
701 3181 774 3265 jure
797 3179 1058 3256 ηὐδαιμόνησνέν
1081 3206 1129 3245 τε.
1176 3181 1247 3248 Duo
1271 3181 1360 3246 enim'

89 3301 186 3368 verba
218 3299 312 3365 finita
343 3305 379 3365 ut
403 3305 623 3383 exspectemus
647 3298 725 3364 facit
747 3296 825 3376 ἅμα.
874 3297 1016 3364 Stahlius
1036 3298 1357 3384 jamanimadvertit

91 3419 202 3485 Vallae
228 3440 298 3485 cnm
321 3419 348 3483 B
373 3439 578 3485 consensum:
605 3417 714 3498 „beati
737 3422 769 3483 et
791 3417 887 3482 iidem
910 3417 1047 3483 modesti
1070 3415 1288 3484 exstiterunt.’'

134 3538 227 3622 Vulg.
252 3538 342 3618 τόσῳ,
367 3543 454 3604 recte
478 3544 510 3603 ei
534 3536 646 3603 Valla:
673 3534 758 3617 „eo''.
781 3535 808 3600 Β
830 3538 946 3616 τοσῷδε.

133 3655 157 3746 ξ
187 3658 219 3722 5.
252 3655 344 3740 Vulg.
375 3657 468 3721 unice
500 3677 609 3722 verum
637 3655 890 3739 comparativum
913 3655 1013 3722 refert
1035 3655 1069 3720 in
1092 3656 1115 3720 εἰ
1139 3661 1223 3721 τοῦτο
1247 3657 1355 3722 δοκοῦσι

91 3777 170 3855 ταρὰ
202 3775 237 3839 τὸ
268 3776 540 3855 ἀσφαλέστερον
571 3773 681 3854 τροῖξαν
712 3779 748 3839 ut
778 3772 889 3840 Valla:
921 3774 1118 3853 „siminus
1142 3781 1229 3842 tuto
1254 3775 1356 3840 moliti

91 3915 158 3960 esse
181 3891 358 3960 ridentur.''
404 3893 430 3958 B
455 3913 603 3977 perverse
626 3892 873 3976 ἀσφαλέστατον,
900 3897 938 3958 ut
960 3894 1057 3958 etiam
1080 3894 1108 3965 ἐς
1132 3914 1191 3977 pro
1215 3895 1249 3960 εἰ.

134 4011 216 4078 Ibid.
248 4010 341 4095 vulg.
373 4011 390 4086 ἢ
422 4013 521 4090 μετοὶ
543 4018 686 4076 πολλῶν
709 4037 749 4077 τε
772 4013 943 4088 κάγαθῶν
965 4011 1175 4090 ξυμμάχων
1198 4012 1355 4088 ἔμελλον

90 4129 420 4212 ξννκννδννεύσενν,
452 4143 473 4194 Β
506 4131 521 4205 ἤ
554 4133 652 4208 μετοὶ
684 4136 828 4195 πολλῶν
857 4156 897 4196 τε
923 4132 1095 4207 κάγαθῶν
1125 4129 1353 4214 ξυμμάχων,

121 4400 150 4469 1)
168 4401 202 4452 cf.
219 4400 298 4466 praef.
317 4412 376 4463 pag.
388 4395 459 4447 VIII.
