3098 4988
757 253 800 319 89

179 476 264 557 Ibid.
296 489 388 576 vulg.
420 489 462 557 ἔτι
494 487 564 556 ὄντος
588 489 714 575 πόσων
738 489 780 556 ἔπι
810 488 878 556 ἰδσε
904 488 984 556 ὄντος.
1016 489 1112 558 valla
1136 491 1242 572 „circa
1264 476 1410 557 Miletum

134 609 244 676 adhuc
269 607 447 695 agentem’.

180 725 264 793 Ibid.
286 726 379 813 Vulg.
402 726 452 792 uel
475 720 580 792 ποῖλλιι
601 733 706 812 σοφῶς
731 727 903 811 ἐγγράφοις.
931 740 953 794 Β
977 722 1101 794 tritta
1124 729 1253 796 notura.
1287 719 1411 795 addita·

135 853 244 913 mento
279 866 360 930 opus
395 850 482 912 certe
515 865 581 912 non
615 851 675 913 est
719 846 854 914 Praeter
888 867 944 932 ea,
985 867 1068 930 quse
1098 849 1168 932 jum
1198 845 1409 932 Tissapherni

134 964 288 1032 nuntiata
311 986 332 1031 e
354 963 535 1050 Phrynicho
558 964 720 1043 novimus,
752 966 852 1032 multa
876 985 954 1032 sane
978 965 1043 1031 eliu
1067 985 1131 1032 non
1154 971 1247 1032 erunt
1270 985 1410 1031 commu·

130 1081 297 1168 micando,
328 1089 366 1153 ut
386 1083 489 1150 ποὶνποι
512 1083 700 1151 vissanum
723 1085 827 1169 possit
849 1104 929 1151 esse.
974 1082 1087 1150 Vella:
1111 1083 1210 1150 mittit
1233 1082 1408 1168 epistolas,

136 1203 173 1268 in
207 1199 325 1286 quibus
360 1221 432 1268 cum
463 1201 529 1269 alia
563 1201 749 1288 simpliciter
786 1201 967 1290 scribebat,
1002 1207 1070 1268 tum
1103 1221 1178 1268 vero
1208 1199 1406 1267 Alcibiadem

137 1320 267 1388 illorum
289 1322 419 1407 negotio
442 1319 675 1407 corrumpere’'⁸

184 1439 265 1506 Ibid
289 1438 381 1525 Vulg.
403 1441 506 1522 ἐσοπιῖι.
529 1439 643 1508 Vella:
670 1438 784 1522 ‚‚sibi”‚
807 1444 903 1506 recte.
926 1451 948 1505 B
971 1440 1073 1505 οὐσῶν.

186 1555 211 1648 ἓ
234 1561 266 1624 3.
290 1557 383 1644 Vulg.
406 1561 560 1625 οὶνειιοὼν
584 1559 613 1624 tr
635 1561 705 1639 ποις·
728 1558 823 1625 αὐτόν.
858 1558 885 1622 Β
909 1578 1080 1644 perperam
1095 1556 1246 1642 stettein
1270 1554 1410 1622 abeundi

139 1677 233 1758 notio
257 1696 461 1761 nequaquam
486 1677 634 1762 quadrat.
679 1675 791 1745 Valla:
818 1696 982 1757 „reversus
1006 1674 1050 1742 ud
1074 1673 1179 1740 eum''.

185 1796 268 1864 Ibid.
296 1796 388 1881 Vulg.
416 1797 508 1864 Libri
531 1817 640 1864 omnes
663 1797 801 1875 γίγνεται
824 1797 948 1867 adroic
970 1795 1098 1872 μηνυτής
1122 1792 1249 1879 legunt,
1274 1798 1408 1877 excepto

139 1915 210 1984 Pul.
232 1937 341 1983 reram
365 1916 558 2002 scripturam
580 1913 756 2002 praebente
779 1914 885 1995 αὐτός,
908 1919 945 1981 ut
967 1912 1079 1982 Valle:
1107 1910 1222 1997 „ipse”

185 2033 269 2101 Ibid.
300 2034 395 2120 Vulg.
425 2034 578 2116 προσέθηκέ
609 2060 660 2121 τε,
690 2036 727 2107 ὥς
750 2033 888 2112 ἐλέγετο,
915 2031 962 2098 ἐπ’
987 2033 1062 2106 ἰδίοις
1085 2032 1192 2113 κέρδεσι
1215 2032 1410 2117 Τισσαφέρνει

141 2153 245 2220 ἑαυτὸν
268 2152 319 2219 καὶ
343 2154 407 2235 περὶ
430 2153 538 2220 codrus
561 2153 611 2220 ecl
634 2152 697 2235 περὶ
721 2159 777 2219 πῶν
800 2150 910 2220 ἄλλον.
947 2151 1063 2218 Inania
1085 2150 1191 2219 verbu
1213 2152 1240 2217 B
1264 2151 1355 2218 addit
1376 2151 1411 2216 iu

141 2270 207 2338 fine
245 2273 462 2353 κοινοῦσθαι,
500 2273 585 2357 quod
623 2277 757 2358 propter
795 2269 964 2338 ecl-detur
1001 2270 1114 2339 abesse
1151 2271 1272 2356 nequit.
1319 2270 1413 2337 Valle

143 2409 272 2474 quoque
295 2394 398 2456 recte:
424 2389 540 2470 „index
561 2391 632 2476 ipsc
654 2391 702 2456 rei
723 2389 828 2457 factus
852 2397 886 2457 et
907 2392 955 2474 (ut
976 2388 1154 2476 ferebatur)
1177 2397 1246 2458 tum
1269 2391 1319 2457 his
1342 2394 1412 2456 tum

144 2508 216 2576 eliis
239 2507 338 2576 rebus
362 2508 634 2576 communicandis
656 2508 865 2595 Tissaphemi
887 2529 958 2576 esse
981 2508 1179 2595 applicens''.

130 2715 133 2720 ἢ
186 2627 272 2695 Ibid.
295 2626 392 2713 Vulg.
415 2627 510 2709 διόπερ
532 2629 583 2694 καὶ
605 2627 668 2709 περὶ
692 2637 744 2704 πῆς
767 2630 943 2710 μισθοφορᾶς
970 2632 1019 2694 οὐκ
1043 2630 1173 2700 ἐντελοῦς
1198 2629 1282 2705 οὔσης
1305 2645 1411 2708 μολο-

147 2747 271 2829 νοπέρος
306 2748 479 2823 suosmet.
521 2747 548 2812 Β
583 2746 701 2813 omittit
733 2747 808 2826 cept.
846 2746 993 2830 Utraque
1027 2747 1192 2813 invenitur
1220 2748 1409 2818 contructis.

146 2844 253 2934 Vella:
278 2885 380 2950 coque
403 2864 554 2932 libentius
576 2863 701 2931 ferebat
723 2865 916 2950 stipendium
938 2886 1003 2932 non
1026 2885 1097 2932 esse
1119 2864 1344 2950 persolutum''.

188 2983 212 3074 ξ
235 2984 267 3051 5.
290 2983 385 3071 Vulg.
408 2983 459 3050 καὶ
483 2990 531 3051 νῦν
554 2982 612 3050 ὅτι
634 2980 699 3049 ὅλον
722 2984 755 3049 πὸ
776 2985 949 3066 separese
971 2986 1083 3063 ἑτοῖμος
1099 2982 1141 3058 εἷς
1154 2993 1411 3067 ...παρασχεῖν

147 3101 171 3168 Β
193 3101 317 3169 omittit
338 3099 381 3168 ὅτι
388 3152 399 3188 ,
421 3101 541 3189 injuria
563 3107 689 3181 tamen,
722 3101 800 3188 quin
823 3104 983 3170 sententie
1007 3108 1118 3170 nostra
1141 3124 1206 3170 non
1229 3106 1350 3189 pendet
1371 3125 1412 3172 ex

147 3223 352 3307 μεμψάμενος,
387 3220 445 3287 sed
475 3241 516 3287 ex
544 3220 715 3305 participio
746 3223 886 3305 quodem
917 3212 1202 3306 subintelligendo,
1235 3225 1331 3307 quale
1363 3230 1416 3292 est

148 3341 380 3422 ὑπισχνούμενος.
403 3337 445 3409 cf.
469 3337 569 3406 Gless.
604 3339 653 3404 Ex
675 3338 771 3406 Vallo
793 3339 872 3406 nibil
895 3339 1062 3406 definitur:
1089 3341 1300 3426 „insimulans
1322 3344 1412 3410 illum

147 3458 318 3543 superioris
349 3456 430 3526 facti
460 3457 548 3543 quod
578 3456 665 3525 haud
688 3458 788 3544 probe
812 3458 1006 3544 occultaret,
1036 3466 1070 3527 ct
1092 3481 1178 3528 nunc
1202 3443 1237 3528 ee
1259 3469 1411 3547 peretum

147 3597 213 3645 csse
236 3575 367 3645 medere
388 3575 452 3643 illie
573 3576 780 3658 exercitum”‚

187 3812 294 3899 Caput
315 3811 358 3880 51
382 3811 407 3902 ξ
431 3813 462 3882 1.
485 3811 581 3897 Vulg.
604 3818 705 3880 τοιῦποι
727 3820 831 3896 σοφῶς
856 3815 1039 3896 πεπυσμένος
1063 3816 1105 3894 εἴη
1121 3825 1228 3897 recte,
1250 3824 1287 3886 ut
1301 3817 1409 3886 Valla:

149 3931 226 4014 „hoc
248 3951 310 4018 pro
335 3937 498 4018 comperto
521 3930 672 4002 habead'.
708 3934 735 3999 B
759 3935 950 4013 πεπεισμένος
974 3933 1028 4001 ri.

186 4049 212 4141 ξ
241 4053 273 4118 2.
309 4048 668 4145 ἾιιΙςσξννεμοιρπύρνσε
698 4055 815 4130 μᾶλλον
846 4053 946 4118 cadrei
976 4055 1225 4133 οὶπιινγείλος.
1259 4054 1410 4120 Nonnulli

145 4169 216 4239 libri
238 4170 444 4256 ἐξογγειιιος;
466 4180 489 4234 Β
513 4169 706 4248 tappetem.
746 4169 808 4236 Pro
833 4176 920 4237 certo
945 4173 1023 4257 quid
1046 4172 1207 4239 affirmare
1230 4172 1409 4254 nonlicet,

145 4287 229 4375 haud
250 4286 386 4376 illepide
409 4293 517 4356 tumen
539 4288 652 4374 Poppo
678 4295 842 4371 „nostrum
863 4291 897 4375 (i.
910 4311 938 4356 e.
955 4293 1166 4372 ἀπαγγείλας)
1184 4289 1323 4359 fortasse
1337 4292 1410 4360 ideo

1296 4408 1311 4458 ν
