3098 4988
803 324 846 390 64

189 571 324 651 grarunt
346 565 466 646 hostes,
493 562 549 631 sed
572 565 732 631 interdum
755 564 888 650 legimus
912 570 963 630 τοῦ
989 563 1013 628 δ’
1040 565 1259 643 ἐπιγιγνομένου
1283 563 1373 646 θὲρσνς
1398 564 1460 631 hoc

189 683 307 750 illudve
330 684 383 769 agi
407 689 555 768 coeptum
578 704 664 764 esse,
688 681 765 750 alibi
788 687 897 750 autem
920 681 988 762 ἅμα
1012 684 1042 749 δὲ
1066 685 1107 766 τῷ
1130 678 1183 764 ἦρι.
1218 683 1358 767 Ideoque
1378 682 1460 748 nihil

190 796 230 864 de
264 803 408 884 temporo
441 798 517 865 belli
549 798 681 883 singulis
712 798 804 865 annis
831 798 975 865 renovati
999 803 1127 865 constat
1150 804 1183 864 et
1206 801 1457 864 consentaneum

190 921 239 983 eet
261 917 384 984 eoelum
407 937 647 1001 nonnumquam
672 917 843 1001 quominus
866 915 984 983 bellum
1005 921 1215 984 renovaretur
1229 915 1459 1002 impedimento

188 1035 295 1103 fuisse.
329 1036 481 1103 Attamen
513 1042 622 1104 nostro
652 1036 724 1102 loco
754 1037 907 1121 majorem
937 1036 1075 1121 speeiem
1098 1034 1245 1102 habetB
1270 1055 1368 1119 quam
1391 1034 1458 1100 vul·

189 1161 274 1239 gata
315 1155 429 1240 Capite
464 1155 549 1221 enim
583 1176 666 1222 nono
702 1155 843 1222 videmus
883 1154 1066 1222 Corinthios
1101 1154 1334 1239 expeditionis,
1368 1153 1460 1220 ouius

190 1274 309 1341 mentio
332 1273 370 1340 fit
393 1296 418 1341 o.
441 1277 458 1341 7
480 1280 500 1358 ξ
529 1277 564 1353 1,
588 1274 727 1342 noluisse
743 1274 850 1341 faeere
865 1273 991 1340 initium
1007 1275 1071 1354 πρὶν
1088 1273 1124 1339 διν
1140 1272 1180 1339 σα
1192 1274 1330 1351 Ἴσθμια,
1354 1270 1460 1338 tetre

190 1389 241 1474 ἦν,
265 1393 470 1475 διειρτασασιν.
502 1393 639 1460 Isthmia
662 1400 768 1461 autem
793 1393 1041 1461 celebrabantur
1063 1397 1190 1461 aestate
1205 1393 1346 1459 ineunte.
1370 1392 1462 1458 Atta·

190 1534 263 1579 men
297 1534 445 1598 magnum
479 1513 634 1598 temporis
664 1513 804 1597 epatium
831 1513 885 1599 (of.
910 1534 937 1581 o.
962 1514 981 1579 7
1006 1520 1038 1579 et
1061 1533 1089 1579 o.
1114 1512 1149 1597 8)
1174 1510 1355 1578 intercessit
1377 1512 1463 1578 inter

191 1633 274 1700 diem
309 1654 372 1717 quo
406 1633 652 1700 Lacedaemonii
683 1637 719 1698 ut
741 1632 828 1700 Chiis
851 1632 989 1698 ferretur
1012 1631 1168 1698 auxilium
1193 1630 1406 1697 decreverunt
1428 1635 1461 1697 et

190 1753 338 1821 ludorum
361 1753 489 1819 illorum
514 1750 772 1819 celebrationem.
802 1751 953 1836 Sequitur
976 1756 1012 1818 ut
1035 1751 1183 1818 videatur
1205 1749 1376 1836 probanda
1392 1769 1463 1817 esse

189 1871 285 1939 leotio
313 1871 360 1957 B,
395 1870 448 1936 oui
481 1869 577 1937 Valla
613 1871 787 1938 consentit:
827 1870 975 1950 „ineunte
1010 1870 1119 1937 statim
1154 1890 1227 1936 vere
1262 1868 1463 1953 insequentis

193 1988 355 2058 aestatie”.

238 2109 319 2176 Ibid.
343 2109 437 2194 Vulg.
460 2107 565 2191 ἄνδρας
590 2108 784 2191 Σπαρτιάταις
808 2111 837 2182 ἐς
861 2108 987 2189 Κόρινθον
1008 2116 1101 2188 τρεῖς,
1127 2121 1149 2174 Β
1174 2109 1202 2181 ἔς
1218 2107 1343 2190 Κόρινθον
1357 2106 1464 2188 ἄνδρας

194 2227 389 2310 Σπαρτιατας
421 2233 496 2307 τρεῖς
526 2247 585 2314 ne,
617 2232 654 2293 ut
680 2227 724 2293 eit
751 2227 879 2312 Poppo‚
902 2235 977 2309 τρεῖς
1004 2249 1025 2294 a
1052 2249 1110 2296 suo
1136 2226 1337 2295 substantivo
1366 2225 1462 2292 divel-

192 2348 290 2415 latur.
339 2345 450 2412 Valla:
498 2345 673 2425 „miserunt
711 2344 898 2414 Corinthum
939 2345 1185 2414 Lacedaemonii
1222 2345 1305 2413 viros
1341 2344 1463 2430 Sparti-

195 2470 268 2533 atae
290 2462 387 2533 treo”.

238 2583 321 2651 ibid.
346 2582 438 2668 vulg.
478 2587 533 2647 σῶν
565 2581 819 2664 ξυμμαχιαῶν,
851 2588 953 2648 Βτῶν
982 2576 1363 2664 ξιιμριαχὶδανᾏναΠα
1385 2581 1466 2648 nihil

196 2704 300 2772 docet.
336 2701 480 2769 Stahliuu
504 2701 600 2768 verba
623 2701 820 2786 proscripsit.

215 2939 348 3024 'Caput
369 2917 392 3003 '8
415 2936 440 3028 ξ
465 2940 496 3007 2.
520 2937 611 3024 Vulg.
647 2939 883 3025 παρεσκεύασεν,
907 2953 929 3006 Β
953 2939 1178 3022 παρεσκεύαζεν.

242 3058 325 3125 Ibid.
350 3057 444 3143 Vulg.
468 3058 508 3123 τὸ
532 3064 711 3143 τελευταῖον,
734 3070 757 3123 Β
780 3067 958 3124 τελευταῖον.
993 3058 1089 3125 Valla
1113 3056 1328 3145 „postremo't
1367 3057 1467 3124 Paulo

198 3177 284 3245 infra
308 3177 404 3245 Valla
426 3176 533 3244 omisit
554 3177 732 3259 ἀφικέσθαι,
757 3199 841 3263 quae
865 3177 927 3245 tuit
951 3199 1049 3247 eausa
1069 3183 1268 3266 quapropter
1282 3178 1466 3264 Kruegerua

200 3296 390 3366 vocabulum
412 3297 538 3364 uncinis
559 3297 735 3364 incluserit.

246 3414 317 3506 §3.
342 3414 436 3500 Vulg.
458 3415 515 3488 τας
538 3417 708 3493 ἡμίσεας,
733 3416 827 3488 Buris
851 3417 1134 3494 interloquente.
1168 3414 1262 3482 Valla
1278 3413 1359 3481 nihil
1374 3415 1468 3483 dotet

203 3554 307 3618 neque
342 3533 382 3599 de
414 3533 619 3617 sequentibus
650 3537 767 3611 μᾶλλον
801 3534 849 3600 τὸν
880 3541 943 3600 ναῦν
974 3534 1096 3616 ἔχωσιν,
1129 3553 1211 3617 quae
1234 3532 1268 3599 in
1289 3531 1317 3599 B
1340 3531 1468 3601 inverso

204 3652 315 3720 ordine
339 3651 511 3718 traduntur
533 3651 582 3716 riv
606 3657 667 3717 ναῦν
689 3655 807 3730 μᾶλλον
829 3650 943 3733 ἔχωσιν.

249 3773 330 3840 Ibid.
361 3772 451 3857 Vulg.
482 3772 691 3854 διαφερομένας
722 3785 743 3838 Β
774 3770 1032 3853 ἐνιιδιαφεραμένας
1049 3773 1076 3856 1)
1107 3770 1328 3858 praestantius
1351 3769 1471 3841 motum

206 3898 273 3960 eut:
304 3890 398 3958 Valla
419 3891 454 3956 in
476 3888 594 3957 talibus
618 3889 806 3975 plerumque
829 3911 892 3957 non
916 3890 1083 3958 adeundus
1106 3898 1166 3959 est.

252 4130 357 4214 Caput
381 4128 400 4193 9
425 4125 449 4217 ξ
472 4127 502 4192 2.
534 4126 627 4210 Vulg.
658 4127 806 4207 διατριβῆς
837 4128 1110 4207 ἐγγιγνομένης,
1136 4140 1157 4193 Β
1180 4128 1329 4209 διατριβῆς
1354 4152 1471 4208 γιγνο-

239 4398 266 4467 1)
284 4399 315 4449 cf.
333 4401 422 4448 autem
440 4395 564 4469 praefatio
581 4409 639 4466 pag.
657 4392 728 4444 unt.
