3098 4988
600 382 834 430 PRAEFATIO.
1330 380 1353 425 V

82 627 156 670 num
191 606 358 672 restituere
393 624 551 671 conemur.
591 599 749 671 Classeno
765 603 792 688 l)
826 602 924 687 igitur
956 601 1101 686 roganti:
1133 601 1201 681 „lst
1232 620 1266 666 es
1298 600 1351 666 ein

85 724 252 808 ,Vorwurt
282 724 336 790 fiir
370 724 422 791 die
456 722 671 790 vaticanische
705 721 935 809 Handschrift,
975 721 1051 789 dass
1086 721 1132 788 sie
1169 741 1227 788 aus
1263 720 1352 788 einer

84 843 391 930 „durchgreifenden
437 841 888 910 Grammatilrer·Recension'’
935 842 1216 927 hervorgegangon
1262 842 1306 909 ist
1314 839 1351 907 ?’‘

81 963 276 1048 respondere
299 963 392 1029 velim
416 967 626 1030 correctorem
649 962 690 1029 ob
712 962 901 1029 industriam
926 961 1121 1047 culpandum
1145 962 1259 1028 saltem
1286 982 1347 1027 non

82 1097 169 1159 esse,
205 1103 310 1166 nequo
344 1086 451 1148 tamen
482 1102 553 1148 enm
585 1103 711 1166 semper
743 1102 814 1149 esse
840 1080 1041 1169 audiendum
1071 1080 1126 1146 ubi
1160 1085 1193 1147 et
1222 1079 1353 1166 vulgata

82 1201 227 1285 quadret.
272 1201 385 1286 Neque
417 1202 519 1286 magis
548 1201 583 1267 in
613 1201 764 1269 solvenda
787 1201 992 1286 quaestione,
1024 1200 1183 1284 quomodo
1205 1199 1239 1264 in
1262 1199 1352 1266 Vati·

83 1341 164 1386 cano
195 1321 354 1387 variarum
384 1320 556 1388 lectionum
587 1321 756 1388 multitudo
789 1319 832 1387 sit
847 1319 1067 1405 'explicanda
1100 1323 1185 1386 stare
1212 1318 1351 1385 velima

84 1444 177 1525 parte
212 1439 356 1507 Classeni
392 1441 447 1525 qui
481 1440 543 1507 hae
573 1441 613 1507 de
645 1432 680 1506 re
712 1440 757 1507 sio
788 1439 935 1525 disputat
948 1441 992 1526 2);
1030 1439 1126 1520 „Was
1158 1438 1236 1505 aber
1265 1438 1351 1504 diese

83 1559 137 1647 „(i.
161 1581 189 1627 e.
214 1559 379 1647 Vaticani)
403 1581 464 1628 von
488 1561 550 1627 den
573 1559 860 1628 Textrecensionen
884 1559 1020 1626 anderen
1043 1559 1203 1646 Antoren,
1226 1558 1284 1626 wie
1304 1558 1351 1625 sie
1462 1613 1464 1619 ,

84 1678 245 1759 „einzelne
276 1678 527 1747 Handschriften
558 1680 598 1766 (z.
620 1680 658 1746 B.
690 1679 747 1746 der
777 1677 968 1746 Glarkianus
991 1680 1047 1746 des
1069 1678 1179 1757 Plato,
1209 1677 1266 1745 der
1289 1677 1350 1746 Pe·

83 1798 221 1879 „risinus
245 1809 271 1863 Σ
287 1799 344 1866 des
369 1798 618 1884 Demosthenes,
643 1799 701 1865 der
724 1798 864 1867 Urbinas
889 1797 946 1865 des
968 1796 1146 1884 Isokrates)
1170 1796 1347 1891 darbieten,
1376 1808 1391 1855 2¹

83 1916 357 1998 „unterscheidet,
390 1917 433 1984 ist
465 1917 522 1984 der
553 1915 747 1986 auffallende
779 1917 957 1997 Umstand,
989 1917 1065 1984 dass
1096 1917 1147 1984 die
1174 1916 1349 2002 cigentiim-

83 2035 185 2116 „liche
216 2034 480 2103 Beschaffenheit
511 2035 567 2103 des
597 2035 772 2103 Vaticanus
804 2041 871 2105 erst
892 2037 926 2102 in
949 2037 1021 2103 dem
1041 2035 1159 2102 letnten
1182 2035 1269 2102 Teile
1292 2036 1349 2101 des

82 2153 420 2236 „Gesohichtswerkes
452 2153 695 2222 unverkennbar
724 2155 918 2224 hervortritt.
964 2155 1025 2222 Mit
1054 2154 1157 2221 Recht
1189 2154 1265 2220 darf
1292 2175 1350 2220 aus

85 2273 210 2355 „dieser
241 2275 461 2360 Erecheinung
492 2274 648 2360 gefolgert
681 2275 823 2353 werden,
855 2276 930 2342 dass
962 2274 1019 2342 der
1045 2273 1157 2340 Grnnd
1181 2272 1349 2340 derselben

83 2392 193 2474 „nicht
223 2393 256 2458 in
280 2394 352 2460 dem
376 2392 522 2487 Urheber
547 2393 603 2460 der
626 2393 821 2473 Reconsion‚
846 2393 984 2461 sondern
1006 2393 1040 2458 in
1064 2392 1121 2460 der
1143 2391 1233 2459 nicht
1254 2391 1348 2458 iiber-

83 2511 281 2592 „arbeiteton
313 2512 440 2580 Gestalt
469 2535 508 2580 zu
532 2513 651 2580 suchen
674 2513 732 2593 ist,
756 2512 789 2578 in
813 2511 950 2579 welcher
974 2511 1079 2580 dieser
1099 2511 1168 2578 Teil
1190 2532 1251 2579 von
1275 2511 1347 2577 dem

81 2629 269 2710 „Verfasser
292 2630 393 2698 selbst
415 2631 680 2718 nuriichgelassen
703 2632 774 2700 ist'’.
809 2631 891 2712 Quid
915 2631 1022 2700 enim?
1053 2633 1126 2700 Non
1149 2632 1249 2699 solum
1264 2631 1346 2698 libro

78 2753 190 2814 octavo
222 2749 444 2816 memorabiles
475 2750 627 2818 lectiones
656 2751 732 2818 illae
761 2753 795 2818 in
817 2750 973 2818 Vaticano
996 2750 1214 2832 inveniuntur,
1237 2771 1346 2818 verum

77 2867 175 2932 etiam
209 2866 293 2934 libro
327 2867 521 2955 penultimo,
557 2890 650 2968 quem
685 2870 861 2938 Britannus
895 2871 949 2938 ille
979 2869 1184 2960 lla-caulam&
1203 2869 1289 2936 hunc
1313 2870 1345 2936 in

77 2985 205 3052 modum
237 2985 548 3080 laud-spusex-to-l-lit:
582 2988 618 3070 „1
640 2989 682 3057 do
705 3009 815 3056 assure
838 3011 901 3075 you
923 2989 995 3056 that
1017 2990 1109 3057 there
1131 2990 1159 3056 is
1183 3011 1224 3056 no
1248 3009 1344 3075 prose

78 3106 309 3191 „composition
333 3105 367 3172 in
390 3107 445 3173 the
468 3107 583 3188 world,
607 3113 664 3176 not
686 3130 765 3176 even
788 3108 843 3176 the
866 3111 915 3176 De
938 3109 1080 3196 Corona,
1103 3108 1204 3176 which
1218 3109 1235 3175 I
1250 3108 1342 3194 place

78 3246 133 3306 „so
164 3225 240 3311 high
264 3246 300 3292 as
331 3225 386 3293 the
417 3229 548 3295 seventh
580 3228 666 3311 book
697 3227 733 3296 of
762 3228 972 3314 Thucydides.
1019 3229 1050 3295 It
1080 3229 1108 3296 is
1130 3228 1184 3294 the
1206 3249 1246 3294 ne
1269 3228 1342 3313 plus

77 3344 182 3424 „ultra
213 3343 250 3412 of
276 3345 396 3413 human
427 3347 511 3415 art.”
558 3347 628 3427 Quo
658 3350 753 3416 modo
782 3348 879 3435 igitur
910 3347 1082 3416 Classenus
1112 3347 1173 3414 hoe
1197 3347 1236 3413 de
1259 3346 1342 3414 libro

74 3463 256 3549 opinionem
286 3463 486 3550 probabilem
516 3467 651 3535 reddere
683 3467 824 3554 poterit?
861 3466 940 3534 (lum
964 3472 1089 3548 autem,
1120 3471 1156 3533 ut
1178 3487 1218 3532 ex
1241 3487 1342 3533 anno-

74 3583 250 3650 tationibus
279 3585 359 3650 meis
382 3584 501 3652 criticis
523 3587 710 3672 apparebit,
743 3588 933 3654 Vaticanum
957 3608 1022 3653 non
1045 3587 1139 3654 modo
1162 3592 1340 3653 correctum

76 3700 133 3767 sed
167 3701 337 3770 collatione
372 3724 500 3789 quoque
535 3706 739 3773 emendatum
772 3727 842 3773 esse
873 3710 1013 3784 constet,
1048 3726 1267 3790 nequaquam,
1304 3709 1341 3770 ut

73 3819 148 3886 libri
176 3821 204 3886 B
235 3823 436 3906 praestantia
470 3822 662 3909 explicetur,
698 3824 844 3892 Classeni
875 3825 1017 3911 opinioni
1048 3823 1248 3891 subscribere
1279 3844 1339 3890 nos

73 3944 209 4025 oportet.
254 3939 474 4026 Quamquam,
499 3947 536 4010 ut
554 3937 622 4030 jant
647 3965 747 4029 supra
770 3943 997 4031 animadverti,
1022 3947 1182 4010 corrector
1197 3944 1268 4022 ille,
1284 3941 1340 4026 qui

73 4058 265 4125 Vaticanum
288 4061 520 4129 recensendum
543 4063 684 4149 curavit,
707 4044 803 4130 homo
826 4062 889 4129 luit
910 4084 982 4129 cum
1004 4063 1038 4128 in
1061 4060 1246 4146 Thucydide
1265 4081 1339 4145 per·

103 4340 131 4405 l)
149 4341 187 4392 Cf.
205 4340 286 4393 Closs.
304 4340 555 4409 Vorhemerlrunyen
575 4343 605 4395 Β.
625 4342 687 4398 Vlll
705 4357 762 4415 pag.
780 4341 875 4397 XXIV.

104 4439 132 4504 2)
151 4439 189 4493 Gt.
205 4439 269 4493 ibid.
287 4454 344 4506 pay.
363 4438 403 4490 20.
