3098 4988
819 307 861 386 ‘22'

208 564 283 642 μεθ’
313 560 355 627 ὧν
378 563 535 641 ἔμελλον
558 560 857 638 resarciendae.
904 558 1005 625 Nemo
1028 559 1130 626 nostri
1154 558 1320 644 scriptoris
1344 579 1478 643 operum

208 685 312 752 editor
342 684 382 749 de
414 685 572 751 Vaticano
603 683 770 769 probando
801 683 952 768 cogitavit
975 682 1129 750 Classeno
1153 689 1305 766 excepto,
1330 684 1386 768 qui
1408 683 1478 769 plu·

207 803 290 870 rima
319 804 458 887 perdidit
488 803 586 871 verba
616 805 650 869 in
682 802 884 869 defendenda
915 824 1014 870 causa
1044 803 1235 889 desperata,
1263 810 1299 868 ut
1323 804 1419 870 etiam
1443 803 1478 869 in

208 924 374 1008 arguenda
398 924 558 990 sententia
580 922 767 1008 lectionem,
792 922 897 1007 qualis
919 928 970 989 est
992 923 1026 988 in
1046 921 1089 1000 B,
1114 921 1264 988 subtilius
1280 922 1478 989 accuratius-

209 1063 270 1127 que
301 1063 371 1109 esse
402 1041 612 1109 elaboratam.
660 1041 762 1120 Quam
795 1048 902 1108 autem
932 1061 1000 1108 rem
1032 1042 1099 1107 viro
1130 1042 1225 1108 docto
1255 1062 1318 1107 non
1343 1040 1479 1107 cessisse

207 1162 356 1247 inspecta
379 1162 587 1230 annotatione
611 1162 746 1247 quisque
768 1161 869 1228 dabit.
905 1161 997 1227 Duae
1020 1182 1071 1227 res
1094 1162 1128 1226 in
1144 1161 1171 1226 Β
1189 1161 1368 1247 displicent,
1393 1161 1477 1238 Quid

209 1279 271 1347 sibi
293 1281 404 1348 volunt
426 1284 491 1360 μεθ’
516 1278 553 1346 ὧν
575 1280 699 1360 ἔμελλον
721 1280 967 1360 ξυγκινδυνεύεινῖ
1000 1280 1169 1347 Pueriliter
1191 1301 1226 1347 se
1249 1279 1372 1347 habent
1382 1280 1478 1366 juxte

206 1400 287 1480 μετὰ
318 1405 433 1465 πολλῶν
464 1425 499 1465 τε
530 1401 667 1478 κάγαθῶν
697 1399 886 1481 ξυμμάχωνῐ
927 1398 1009 1477 Quid
1038 1399 1121 1466 enim
1144 1398 1294 1467 fecissent
1317 1420 1382 1466 una
1405 1421 1477 1466 eum

207 1519 315 1585 multis
340 1517 542 1604 fortibusque
565 1519 660 1586 sociis
682 1519 745 1586 illis
769 1519 840 1587 Chii
862 1519 925 1585 nisi
947 1518 1036 1586 obire
1059 1518 1258 1604 periculum?
1293 1517 1478 1586 Sententiae

205 1638 303 1722 igitur
324 1637 476 1706 relativae
499 1639 589 1705 locus
613 1645 662 1706 est
684 1638 801 1705 nullus.
845 1638 978 1704 Accedit
1000 1639 1105 1724 quod,
1136 1637 1329 1705 Vaticanum
1352 1638 1379 1704 si
1403 1659 1477 1723 pro·

206 1757 334 1836 bemus,
369 1757 523 1842 langueat
558 1757 632 1824 finis
666 1758 861 1843 sententiae,
896 1777 980 1841 quae
1014 1758 1143 1824 omnino
1175 1755 1392 1843 perturbatur.
1440 1756 1477 1821 In

207 1875 338 1960 vulgata
360 1880 447 1942 recte
470 1897 509 1942 ex
533 1878 594 1943 οὐδὲ
618 1876 750 1957 πρότερον
773 1877 940 1956 ἐτόλμησαν
960 1878 1134 1953 ποιήσασθαι
1151 1875 1294 1962 pendent
1309 1875 1479 1961 sequentia

206 1994 256 2059 καὶ
281 1994 446 2068 Ἀθηναίους
470 2033 514 2044 -
536 1995 578 2060 τὰ
602 1994 773 2074 πράγματα
796 1993 857 2070 εἴη,
883 1995 1033 2062 Vaticani
1056 1999 1163 2062 autem
1186 1994 1323 2062 lectione
1346 1999 1479 2078 recepta

207 2134 263 2180 cur
294 2113 407 2181 addita
439 2114 503 2180 sint
529 2112 627 2180 verba
650 2135 750 2181 causa
772 2114 861 2180 nulla
884 2114 1022 2200 amplius
1044 2120 1162 2181 exstat.
1209 2114 1269 2180 Cui
1292 2111 1478 2180 difficultati

206 2231 268 2298 hoc
298 2232 393 2299 modo
424 2232 545 2299 mederi
576 2238 711 2300 conatur
741 2233 929 2301 Classenus:
960 2233 1163 2320 „unmoglich
1186 2232 1329 2299 konnten
1352 2233 1398 2300 sie
1422 2233 1481 2300 aui

208 2351 268 2418 das
298 2351 465 2419 Eintreten
493 2351 580 2418 einer
602 2352 811 2419 veranderten
834 2351 968 2419 Ansicht
990 2352 1043 2418 bei
1066 2350 1129 2418 den
1151 2351 1315 2419 Athenern
1338 2356 1476 2439 warten,

208 2472 346 2538 sondern
377 2492 411 2538 es
442 2472 486 2539 ist
515 2471 586 2540 eine
616 2493 698 2539 neue
727 2472 793 2538 und
817 2471 1036 2557 selbstdndige
1059 2471 1277 2557 Bemerkung:
1302 2471 1370 2538 und
1393 2471 1478 2539 auch

206 2612 268 2658 von
300 2592 361 2657 den
392 2591 557 2658 Athenern
588 2591 727 2659 nahmen
758 2592 804 2658 sie
836 2591 894 2672 ab,
926 2591 1002 2658 dass
1026 2591 1104 2658 sie.”
1152 2590 1215 2658 Sed
1238 2591 1320 2658 nihil
1342 2592 1479 2658 interest

207 2713 314 2775 utrum
345 2708 415 2776 Chii
437 2710 650 2776 Athenienses
673 2710 761 2794 ipsos
785 2731 849 2777 non
872 2709 1004 2777 infitiari
1027 2731 1078 2776 res
1100 2731 1174 2777 suas
1189 2715 1264 2796 post
1280 2709 1478 2777 Siciliensem

207 2834 374 2914 acceptam
398 2828 523 2895 cladem
546 2849 616 2896 esse
641 2827 779 2896 afflictas
803 2830 1011 2914 cognoverint
1033 2850 1151 2916 necne,
1175 2830 1233 2896 sed
1253 2835 1288 2896 ut
1302 2827 1402 2896 verba
1417 2828 1476 2895 οὐδ’

207 2949 298 3023 αὐτὴν
321 2949 372 3023 τὴν
394 2947 560 3013 ἀπόστασιν
580 2947 712 3029 πρότερον
735 2948 903 3024 ἐτόλμησαν
927 2950 1100 3024 ποιήσασθαι
1124 2949 1158 3015 in
1182 2948 1361 3016 sententiae
1384 2947 1477 3015 initio

205 3066 313 3151 posita
345 3066 475 3152 docent,
512 3067 649 3152 scriptor
680 3066 818 3152 probare
850 3073 984 3135 conatur
1013 3089 1054 3135 ne
1085 3066 1297 3135 delectionem
1327 3068 1475 3154 quidem,

205 3183 281 3251 licet
303 3183 441 3252 fortasse
464 3206 519 3252 eos
542 3185 604 3252 hac
623 3186 656 3251 in
674 3207 709 3253 re
725 3185 822 3271 paulo
838 3187 1072 3273 imprudentius
1089 3187 1193 3272 egisse
1210 3187 1282 3272 quis
1297 3188 1476 3271 putaverit,

206 3303 302 3370 Chios
334 3306 504 3384 statuisse,
539 3311 712 3390 antequam
743 3307 830 3391 apud
859 3307 947 3392 ipsos
970 3312 1136 3374 constaret
1157 3328 1221 3374 non
1246 3307 1348 3374 solum
1372 3307 1476 3375 socios

205 3442 322 3506 magno
353 3443 484 3489 numero
516 3444 623 3490 secum
653 3423 729 3490 belli
758 3423 921 3491 fortunam
945 3424 1120 3510 periclitari
1143 3445 1213 3491 esse
1235 3430 1384 3509 paratos,
1410 3425 1467 3491 sed

205 3541 301 3606 etiam
322 3541 533 3609 Athenienses
555 3542 643 3627 ipsos
667 3543 707 3608 de
729 3542 825 3610 rebus
849 3542 1021 3627 desperare
1043 3543 1117 3609 suis.

249 3657 331 3724 Ibid.
355 3656 448 3743 Vulg.
472 3659 518 3724 cai
540 3666 595 3725 τῶν
619 3661 792 3741 Ἀθηναίων,
814 3660 842 3726 Β
864 3660 982 3745 injuria
1005 3659 1123 3726 omittit
1144 3657 1193 3724 rot.

249 3775 332 3842 Ibid.
355 3773 465 3860 Neque
488 3776 734 3858 ξυναιρεθήσεσθαι
758 3779 904 3864 vulgatae
928 3800 1033 3865 neque
1049 3779 1199 3847 Vaticani
1214 3763 1467 3860 Zosaaapaddarc-

204 3897 250 3963 das
279 3895 396 3980 placet.
437 3894 623 3980 Legundum
656 3901 704 3963 est
726 3898 969 3978 ἀναιρεθήσεσθαι.
1016 3898 1095 3964 Cum
1118 3897 1332 3965 Herwerdeno
1355 3896 1467 3965 abesse

203 4016 298 4083 velim
321 4015 381 4096 ξυν,
405 4016 492 4100 quod
520 4014 743 4097 οξυνέγνωσαν
767 4037 878 4083 errore
900 4023 1012 4084 natum
1029 4016 1162 4083 videtur.
1186 4014 1295 4082 Valla:
1327 4015 1463 4097 „fore.‚

205 4142 241 4203 ut
263 4133 493 4223 everteretur.'’>

247 4251 272 4342 ξ
295 4256 324 4321 6.
349 4252 442 4337 Vulg.
466 4249 522 4332 οὖν,
545 4264 567 4317 Β
591 4258 671 4331 γοῦν.
694 4252 858 4320 Bekkerus
879 4249 1175 4320 correxitini'oda
1196 4253 1472 4340 Valla‚,1taque.”

249 4369 329 4439 Ibid.
353 4370 447 4458 Vulg.
469 4371 652 4458 Ἀθηναίους,
675 4370 704 4437 Β
728 4371 897 4440 articulum
920 4370 1019 4441 addit.
