3098 4988
148 362 150 368 ⁴
176 340 186 367 ⁵
203 368 240 414 vr
401 389 403 392 >
430 330 435 337 ’
723 365 957 413 1111111110.

204 586 337 654 multum
361 590 524 663 versatus,
549 590 617 652 tum
640 585 738 651 etiam
760 583 971 671 grammatica
994 583 1134 667 optimae
1154 582 1341 668 graecitatis
1357 583 1475 650 doctis·
1519 558 1521 563 ,

204 708 320 794 simus,
355 707 536 775 liberalium
571 713 739 793 praeterea
773 707 1014 792 disciplinarum
1050 707 1165 774 notitia
1199 705 1385 793 praeditus,
1418 712 1475 785 ut,

204 831 332 912 praeter
348 827 413 894 alia
429 826 541 913 multa,
557 828 771 913 geographica
786 828 916 894 nomina
934 826 1088 894 nonnulla
1103 828 1136 892 in
1150 826 1176 892 B
1190 827 1258 893 solo
1270 832 1357 894 recte
1369 826 1475 894 relata
1507 816 1508 819 ¹

204 946 328 1013 docent.
374 946 456 1026 Quia
486 947 583 1032 igitur
605 946 695 1013 baud
718 946 759 1013 ab
781 947 956 1032 interprete
981 946 1081 1014 inscio
1105 945 1164 1012 sed
1187 945 1297 1013 avire
1322 946 1476 1013 eruditis·

204 1065 284 1131 simo
314 1064 415 1132 codex
445 1065 472 1130 B
495 1069 545 1131 est
567 1064 771 1144 emendatus,
796 1065 953 1148 sequitur,
977 1070 1014 1131 ut
1035 1062 1223 1150 perdifficile
1245 1063 1405 1131 interdum
1433 1065 1476 1132 sit

205 1184 311 1270 dictu,
334 1184 411 1269 quid
435 1183 599 1269 scriptori,
626 1183 702 1269 quid
726 1183 900 1250 correctori
922 1183 1019 1250 tribui
1043 1187 1200 1268 oporteat.
1230 1182 1384 1249 Attamen
1399 1183 1476 1250 huic

205 1303 387 1371 difficultati
410 1303 598 1372 enodandae
622 1305 766 1389 suppetit
789 1304 961 1390 auxilium,
979 1324 1043 1388 quo
1067 1285 1157 1370 viros
1175 1302 1286 1369 doctos
1308 1302 1477 1387 hucusque

205 1444 319 1508 parum
341 1444 417 1490 neos
440 1444 510 1491 esse
532 1424 670 1491 maxime
694 1424 803 1490 miror.

249 1541 375 1609 Etenim
404 1546 533 1626 praeter
558 1542 754 1627 exemplaria
775 1561 912 1628 graeca,
937 1547 1064 1608 servata
1087 1540 1178 1609 nobis
1203 1545 1252 1606 est
1274 1539 1471 1625 Thucydidis

205 1683 338 1747 operum
373 1661 596 1746 interpretatio
631 1661 674 1755 ad
702 1661 833 1728 uerbum
863 1662 931 1728 fere
962 1660 1061 1727 latine
1091 1660 1219 1727 reddita
1250 1681 1270 1727 a
1301 1659 1475 1727 Laurentio
1529 1710 1534 1716 -

205 1781 316 1861 Valla,
348 1801 442 1864 quem
474 1780 583 1848 seculo
615 1780 738 1848 decimo
769 1781 881 1865 quinto
913 1801 972 1865 pro
994 1780 1077 1847 virili
1100 1784 1194 1865 parte
1216 1779 1331 1846 litteris
1354 1780 1476 1846 renatis

79 1879 81 1884 ¹
207 1900 323 1967 seimus
346 1901 473 1967 dedisse
497 1921 639 1985 operam.
685 1898 782 1966 Cuius
806 1899 847 1966 de
870 1899 928 1966 viri
951 1900 1128 1967 eruditione
1152 1900 1179 1966 si
1202 1900 1381 1984 quaeritur,
1415 1898 1477 1965 hoc

208 2019 322 2086 saltem
346 2025 499 2105 apparet,
524 2019 667 2106 Vallam,
693 2020 749 2104 qui
770 2017 889 2085 librum
916 2019 975 2102 ,de
998 2018 1092 2085 latini
1116 2018 1270 2085 sermonis
1291 2017 1475 2103 elegantia”

209 2139 441 2228 composuerit,
473 2138 617 2205 Graecae
645 2138 792 2226 linguae,
824 2159 901 2205 sane
932 2137 1125 2223 Thucydidis
1157 2137 1338 2223 explicandi
1361 2158 1476 2222 parum

207 2259 306 2326 fuisse
328 2280 481 2345 gnarum,
505 2263 558 2346 ut,
583 2280 655 2326 cum
678 2279 794 2344 graeca
817 2279 882 2326 non
897 2259 1115 2344 intellegeret,
1130 2258 1291 2325 interdum
1306 2259 1340 2324 in
1354 2256 1475 2325 barba—

213 2379 292 2444 riem
315 2375 432 2444 abierit
453 2377 694 2463 interpretatio,
720 2398 803 2462 quae
825 2377 960 2444 invictas
984 2377 1162 2463 imperitiae
1178 2381 1210 2444 et
1224 2376 1368 2443 incuriae
1383 2380 1478 2442 notas

209 2517 365 2582 persaepe
400 2497 557 2563 ostendat
602 2497 716 2582 Itaque
750 2497 816 2563 alia
849 2517 890 2562 ne
923 2517 1072 2583 urgeam,
1107 2496 1293 2581 interpretis
1330 2495 1478 2562 inscitiae

210 2615 318 2682 tribuo
350 2635 476 2700 semper
506 2614 572 2683 fere
602 2616 749 2700 neglecta
778 2635 848 2682 esse
876 2615 1000 2682 minora
1023 2616 1079 2682 sed
1102 2616 1200 2700 paulo
1223 2615 1362 2682 fortasse
1384 2614 1480 2680 intel·

210 2734 295 2804 lectu
319 2732 501 2801 difficiliora
522 2728 678 2802 uocabula
702 2734 812 2819 qualia
835 2739 911 2801 sunt
933 2735 988 2812 γε’,
1012 2731 1069 2812 αὖ,
1094 2735 1127 2811 ld
1150 2735 1204 2822 (cf.
1229 2734 1289 2800 VII
1312 2756 1341 2801 c.
1366 2735 1423 2819 14,
1447 2733 1478 2798 4.

213 2853 271 2939 15,
298 2853 325 2919 1.
349 2854 410 2933 28,
434 2853 454 2918 3
477 2852 535 2920 bis.
559 2853 620 2939 40,
645 2855 677 2920 2.
702 2854 761 2932 63,
793 2853 914 2919 211ΙΠ
938 2853 991 2941 57,
1019 2856 1046 2920 1.
1071 2855 1130 2931 82,
1162 2855 1193 2921 3.
1218 2854 1278 2937 84,
1304 2855 1340 2930 2,
1364 2853 1393 2916 3.
1418 2853 1479 2930 et,

162 3058 165 3063 ν
212 2972 243 3038 2.
267 2970 368 3053 alibi).
414 2970 567 3038 Praetera
599 2976 766 3038 contextus
797 2973 874 3058 quid
906 2971 1100 3058 significaret
1123 2991 1187 3037 non
1209 2969 1288 3034 vidit
1309 2968 1478 3051 permultis

211 3089 307 3173 locis,
331 3108 465 3173 quorum
482 3090 668 3176 nonnullos,
694 3097 870 3159 memoratu
887 3071 1019 3176 dignos,
1043 3093 1170 3156 tantum
1186 3106 1256 3152 sum
1271 3085 1477 3152 laudaturus:

212 3206 272 3273 VII
296 3229 321 3274 c.
346 3210 364 3274 7
389 3213 409 3293 ξ
435 3211 452 3274 1
476 3211 565 3292 μέχρι
588 3217 638 3277 τοῦ
662 3210 860 3292 {coarctor
883 3206 1128 3289 τε1χ10111111111
1156 3205 1334 3290 ,usquead
1352 3226 1477 3270 murum

213 3326 443 3411 simplicem.
477 3350 502 3394 c.
530 3330 548 3393 7
572 3327 597 3418 ξ
620 3329 640 3394 3
668 3331 705 3401 ὥς
732 3328 781 3393 urci
805 3333 861 3393 τῶν
884 3325 1039 3402 ’Adrobrica
1063 3324 1385 3403 ἕπιμεταπεμπομένων
1409 3344 1479 3408 per·

212 3465 322 3529 peram
353 3467 425 3512 cum
456 3445 661 3529 sequentibus
690 3445 888 3512 adversative
912 3445 1084 3530 conjungit.
1108 3465 1134 3510 c.
1157 3445 1199 3509 41
1224 3442 1248 3534 ξ
1271 3445 1293 3509 4
1316 3444 1425 3509 ἐδόκουν
1449 3443 1479 3507 δὲ

212 3563 262 3627 καὶ
287 3563 334 3628 τὸν
357 3563 443 3646 arlia
465 3564 669 3645 χειρώσεσθαιε
703 3563 869 3651 „peditatu
899 3584 973 3631 vero
1003 3563 1171 3631 inferiores
1195 3562 1298 3631 esse”.
1323 3584 1348 3629 c.
1373 3562 1433 3647 43,
1458 3564 1512 3627 5*-

214 3683 395 3762 περαίνεσθαι
418 3683 439 3749 i.
463 3704 489 3750 e.
512 3681 667 3769 perficere
690 3684 787 3750 vertit
813 3681 1035 3768 „penetrare’'.
1060 3705 1086 3751 c.
1110 3682 1152 3750 68
1176 3679 1200 3773 ἓ
1219 3684 1235 3748 1
1260 3682 1293 3748 rb
1309 3679 1480 3759 arripare:

217 3801 363 3884 „quoties
387 3801 465 3868 alibi
488 3804 675 3871 narrabitur
692 3802 754 3890 l)”.

260 3917 349 3997 Quae
384 3925 492 3988 tamen
526 3942 577 3988 res
611 3923 684 4009 ipsa
719 3942 912 4008 magnopere
942 3943 1001 4007 pro
1033 3921 1146 3988 Vallae
1177 3920 1348 3987 lectionum
1378 3918 1482 4004 pretio

249 4228 277 4294 l)
295 4228 375 4279 Errat
391 4228 466 4280 Valla
484 4242 589 4294 quoque
607 4227 669 4278 VIII
687 4243 711 4280 c.
729 4227 761 4278 73
776 4229 789 4294 ξ
809 4227 866 4279 5111
879 4227 1050 4290 περιεγένοντο
1062 4229 1144 4277 011111
1156 4228 1253 4290 Σαμίων
1265 4227 1389 4286 πλείονες,
1402 4242 1424 4279 0.
1437 4226 1482 4293 76,

110 4332 112 4336 “
217 4325 230 4390 S
248 4325 264 4376 4
280 4325 307 4375 in
327 4323 348 4374 11
365 4319 453 4374 ἐκεῖθεν
471 4323 594 4386 ὡρμῶντο,
612 4339 635 4376 c.
652 4323 683 4376 87
702 4325 715 4390 5
733 4324 750 4375 2
767 4325 795 4375 111
814 4323 923 4386 λέγεται
939 4322 967 4375 δὲ
985 4322 1012 4372 od
1025 4325 1095 4374 narb
1111 4322 1201 4382 ταύτό,
1214 4323 1485 4390 09210110111ς11-

217 4420 286 4485 phua
303 4419 397 4485 quinta
414 4434 536 4486 perverse
553 4425 594 4471 est
611 4421 718 4473 reddita.
752 4420 822 4472 Alibi
840 4421 921 4471 etiam
938 4434 1070 4486 persaepe.
