3098 4988
806 322 869 394 106

244 573 263 651 §¹
288 569 320 635 2.
343 566 435 652 Vulg.
459 568 631 632 ἐπεκαλεῖτο
655 568 727 648 γάρ
750 567 855 638 αὐτοὺς
879 569 893 632 ὁ
916 565 1119 647 Φαρνάβαζος.
1147 567 1170 630 Β
1194 589 1234 630 τε
1257 563 1338 644 γάρ.
1375 550 1477 629 Nulla

199 693 249 753 est
280 707 397 772 causa,
429 707 486 752 cur
509 686 650 752 addatur
674 686 854 770 particula,
885 705 971 770 quae
997 704 1063 751 non
1087 688 1192 752 exstat
1215 682 1302 768 apud
1326 680 1473 748 Vallum:

203 803 419 886 „Evocaverat
441 804 526 870 enim
550 825 605 870 eos
629 803 891 871 Pharnabazus''.

242 923 322 990 Ibid.
346 921 437 1008 Vulg.
461 924 492 988 αἱ
515 925 651 1004 πλείους,
675 922 702 987 Β
726 943 876 1007 perverse
898 925 930 988 ai
954 923 983 988 δὲ
1007 923 1133 996 πλείους.

242 1159 348 1245 Caput
370 1160 411 1225 81
429 1157 453 1250 ξ
472 1162 499 1225 l.
524 1159 619 1245 Vulg.
642 1160 691 1225 άεί
712 1185 746 1225 τε
770 1169 822 1235 τῆς
847 1163 960 1227 αὐτοῦ
985 1161 1044 1245 (vel
1067 1158 1194 1245 αὑτοῦ)
1218 1157 1337 1236 γνώμας
1362 1156 1475 1238 ἐχόμε-

197 1302 258 1359 οος;
281 1290 304 1343 Β
327 1278 376 1343 άεί
397 1303 430 1343 τε
454 1285 505 1351 τῆς
530 1280 645 1352 αὐτῆς
669 1277 788 1357 γνάμῃι
813 1279 970 1360 ἐχόμενος,
995 1279 1101 1364 potior
1124 1283 1260 1363 propter
1280 1276 1474 1361 gravitatem

106 1439 109 1445 -
197 1398 302 1464 lectio.
338 1396 409 1464 Non
440 1395 623 1463 faciendum
655 1404 733 1482 puto
766 1418 837 1464 cum
864 1397 1005 1479 Stahlio,
1029 1399 1085 1483 qui
1108 1395 1221 1464 scribit
1243 1397 1290 1461 άεί
1313 1419 1370 1476 γε;
1396 1401 1475 1480 apte

198 1518 281 1582 enim
315 1515 494 1600 particulae
532 1516 706 1600 opponitur
737 1516 786 1581 aul
811 1517 905 1591 τέλος.
942 1516 1036 1584 Valla
1060 1537 1132 1583 cum
1154 1515 1200 1582 B:
1228 1504 1321 1596 „cum
1345 1534 1475 1598 semper

198 1636 280 1702 alias
395 1635 429 1700 in
453 1634 588 1701 eadem
612 1636 772 1703 sententia
795 1635 888 1703 fuit''.

241 1752 324 1819 Ibid.
348 1752 439 1838 Vulg.
469 1751 543 1818 ὥστε
574 1754 758 1830 κατάγειν
792 1752 1044 1839 Ἀλκιβιάδῃν,
1077 1766 1099 1819 Β
1126 1752 1200 1818 ὥστε
1224 1758 1475 1830 καταγαγεῖν

199 1874 259 1939 τὸν
291 1871 547 1950 Ἀλκιβιάδην.
594 1873 639 1940 Ut
669 1873 709 1939 de
740 1871 874 1939 articulo
898 1872 978 1938 nihil
1003 1870 1156 1938 definiam
1179 1871 1212 1936 in
1237 1871 1355 1937 aoristo
1381 1869 1476 1937 Vati-

202 2014 317 2060 canum
349 1993 439 2076 sequi
469 1992 586 2072 nolim3
618 1992 767 2076 equidem
790 1993 831 2058 de
852 1990 974 2058 infelici
999 1990 1195 2059 correctione
1218 1990 1333 2076 cogito.
1361 1989 1474 2056 Valla:

203 2119 259 2194 „ut
282 2111 481 2178 Alcibiadem
504 2111 703 2179 revocaret’'.

245 2232 326 2299 Ibid.
341 2231 433 2316 Vulg.
449 2230 619 2297 Librorum
636 2231 797 2316 plerique,
814 2231 912 2298 etiam
927 2230 966 2301 B.
985 2232 1139 2297 ἔπεισαν
1157 2229 1241 2296 male
1256 2249 1316 2314 pro
1333 2228 1471 2308 ἔπεισες

199 2351 379 2437 vulgatam,
403 2351 437 2416 ni
460 2350 566 2432 fallor,
589 2351 668 2417 vidit
691 2350 803 2417 Valla:
831 2351 1003 2434 „concione
1027 2351 1068 2417 ad
1091 2348 1154 2417 hoc
1169 2368 1327 2434 persuasa
1430 2348 1475 2414 ad

204 2469 451 2554 Tissaphernem
474 2467 665 2554 navigavit&

246 2587 323 2679 §2
346 2587 437 2673 Vulg.
461 2596 523 2663 τῆς
546 2595 666 2671 φννῆι
690 2590 935 2673 ἐπῃτιάσατο,
960 2603 982 2656 Β
1006 2588 1230 2674 ἐπῃτιάσατο
1254 2597 1314 2665 τάν
1337 2595 1476 2673 Φογῆς.

203 2709 313 2800 Valla:
334 2708 480 2795 jacturas
504 2708 590 2774 exilii
614 2708 663 2775 sui
685 2715 820 2793 questus
844 2707 921 2776 est’.

247 2827 329 2893 Ibid.
354 2826 448 2913 Vulg.
471 2827 534 2908 περὶ
560 2833 615 2892 τῶν
639 2834 791 2893 πολιτικῶν
815 2828 916 2894 πολλά
938 2829 1024 2893 εἰπὼν
1046 2830 1075 2901 ἐς
1099 2828 1223 2901 ἐλπίδας
1246 2851 1291 2905 γε
1313 2826 1421 2900 αὐτοὺς
1443 2829 1476 2894 οὐ

203 2949 308 3028 μικράς
331 2953 387 3012 τῶν
409 2947 577 3024 μελλόντων
601 2948 733 3023 καθίστη.
768 2946 796 3012 Β
819 2972 875 3030 γε,
900 2969 964 3032 quo
980 2947 1118 3015 libenter
1134 2968 1297 3034 ceremuS,
1314 2947 1477 3029 mitilene,

204 3074 279 3153 post
307 3072 363 3132 τῶν
394 3066 485 3132 addit
515 3092 567 3145 τε,
600 3066 651 3133 cui
682 3067 861 3153 particulae
890 3068 924 3134 in
957 3065 1165 3152 sequentibus
1194 3066 1274 3133 nihil
1301 3067 1478 3152 opponitur

204 3188 338 3270 ideoque
361 3186 479 3271 optime
502 3186 617 3254 abesse
639 3192 758 3272 potest.
792 3187 888 3255 Valla
911 3189 945 3254 in
967 3188 1087 3256 talibus
1111 3209 1176 3256 non
1196 3190 1246 3254 est
1261 3187 1431 3253 adeundus
1443 3187 1478 3270 1).

251 3305 332 3372 Ibid.
358 3305 451 3391 Vulg.
475 3309 598 3387 μικράς,
622 3319 644 3372 Β
668 3308 803 3388 σμικράς.
921 3331 924 3335 ’

253 3423 334 3490 Ibid.
358 3429 390 3490 eb
413 3423 431 3514 ἓ
455 3428 484 3491 3.
508 3424 602 3510 Vulg.
627 3426 748 3502 isarei,
773 3439 795 3492 Β
819 3427 918 3494 αὑτοῦ.

249 3542 331 3610 Ibid.
356 3543 449 3630 Vulg.
474 3543 524 3610 ἐπὶ
548 3551 665 3621 πλεῖον,
689 3556 711 3609 Β
735 3543 783 3609 ἐπὶ
807 3545 904 3612 πλέον.

251 3667 271 3745 ἕ
295 3663 327 3731 3.
350 3661 441 3748 ang.
466 3663 636 3744 ὑπισχνεῖτο
660 3661 685 3728 δ’
710 3660 757 3729 οὖν
777 3665 849 3731 τάδε
865 3665 999 3745 μέγιστα
1022 3667 1230 3744 ε’πιιιομπῶν
1246 3665 1260 3728 ὂ
1276 3662 1476 3742 Λλκιβιάδῃςς

205 3780 233 3847 Β
256 3785 385 3866 praeter
409 3801 536 3849 sensum
560 3785 780 3864 ἐπικομπεῑν.
828 3784 941 3852 Valla:
967 3786 1157 3875 „Enimvero
1180 3781 1387 3852 asseverabat
1409 3803 1477 3849 am-

207 3900 356 3984 plissimis
379 3900 512 3968 rerbis''.

251 4019 333 4086 Ibid.
350 4020 442 4105 Vulg.
467 4020 499 4095 ἥν
523 4020 681 4096 ’Λάῃναίοις
704 4023 856 4107 πιστεύῃ
879 4071 952 4091 ....
975 4025 1027 4098 τὴν
1042 4023 1145 4088 ἑαυτοῦ
1161 4024 1311 4104 στρωμνὴν
1327 4020 1476 4104 ἕξαογν-

207 4146 329 4221 persa
360 4152 382 4205 Β
406 4139 599 4228 πιστεύσῃ,
622 4141 708 4226 quod
731 4142 859 4228 placet}
884 4144 933 4231 „si
955 4141 1107 4209 fiduciam
1130 4143 1342 4229 conceperit'',
1371 4147 1407 4210 ut
1431 4142 1477 4210 ait

240 4411 268 4474 l)
286 4411 318 4463 cf.
336 4412 416 4478 praef.
433 4425 490 4478 pag.
509 4408 553 4463 VI.
