3098 4988
673 313 717 392 39

52 564 156 634 iidata
179 566 246 631 τότε
269 567 319 631 ὑπ’
341 567 497 641 Ἀθηναίων
520 563 661 647 ἐχομένης
686 566 715 638 ἐς
738 565 787 630 τὸν
810 565 938 641 πόλεμον
961 565 1205 651 παρελήφθησαν,
1220 568 1242 632 s
1257 615 1264 630 .
1278 601 1328 632 ..ι

53 688 93 752 ἐκ
115 684 347 752 Ναυπάκτου.
370 683 464 751 Valla
486 684 649 770 vulgatam
673 704 827 769 sequens:
857 684 984 768 ,Etiam
1007 686 1063 769 qui
1078 706 1163 752 nunc
1179 684 1330 752 Messenii

58 805 260 889 „vocitantur
290 803 377 889 apud
409 803 632 888 Naupactum,
663 809 697 870 et
726 824 766 870 ex
789 803 886 889 Pylo,
910 803 966 887 qui
988 809 1064 871 tunc
1088 803 1130 870 ab
1154 802 1328 870 Athenien-

58 923 169 1006 „sibus
193 922 382 1002 tenebatur,
405 923 448 990 ad
470 923 532 989 hoc
554 922 672 989 bellum
696 923 854 1008 assumpti
878 923 984 989 sunt'’.

101 1041 189 1109 Satis
219 1042 372 1108 intricata
407 1047 456 1108 est
486 1042 650 1126 quaestio:
683 1046 815 1127 propter
844 1041 1015 1120 καλούμενοι
1047 1046 1270 1126 exspectamus
1292 1036 1329 1108 Ιἐν

54 1158 249 1242 Ναυπάκτῳ,
284 1165 391 1227 tamen
422 1167 458 1226 ut
481 1160 659 1227 scribamus
682 1162 715 1226 ἐκ
736 1161 922 1226 Ναυποίκτου
948 1161 1064 1227 suadet
1086 1162 1328 1243 παρελήφθησαν.

57 1279 118 1348 cni
148 1277 332 1346 difficultati
363 1278 483 1346 mederi
508 1286 643 1347 conatus
665 1284 715 1346 est
737 1279 910 1346 Classenus
934 1278 1078 1347 scribens
1101 1281 1131 1345 ἐν
1155 1281 1330 1362 Ναυπάκτῳ

56 1400 90 1464 ἐκ
111 1399 316 1479 Ναυπάκτου,
346 1396 433 1483 quod
460 1400 547 1484 jam,
580 1397 737 1465 absonum
768 1420 840 1466 cum
864 1399 921 1477 sit,
955 1399 1106 1484 amplecti
1128 1421 1194 1469 non
1216 1421 1329 1485 possu-

57 1538 139 1584 mus.
172 1516 277 1602 Magis
300 1517 378 1583 mihi
402 1517 529 1602 quidem
552 1518 674 1584 arridet
697 1517 828 1602 vulgata
850 1517 983 1602 paulum
1005 1519 1192 1586 immutata:
1223 1520 1282 1586 Καὶ
1304 1520 1329 1585 ol

56 1636 215 1711 Μεσσήνιοι
238 1640 285 1700 νῦν
306 1636 478 1714 καλούμενοι
500 1637 525 1701 οἱ
548 1638 578 1701 ἕν
601 1637 778 1718 Ναυποίκτςο
800 1636 849 1701 καί
872 1637 897 1701 οί
920 1638 953 1701 ἐκ
976 1648 1075 1704 Πυλου
1097 1638 1159 1704 κτὲ.

102 1876 123 1957 ξ
148 1874 178 1940 9.
201 1871 292 1960 Vulg.
329 1873 458 1957 Ἀργεῖοι
488 1875 542 1955 μὲν
573 1878 605 1942 οὐ
628 1884 681 1952 τῆς
704 1885 758 1952 τῆς
784 1875 965 1959 ξυμμαχίας
988 1874 1073 1942 ἕνεκα
1096 1879 1212 1949 αῖιλλον
1235 1877 1252 1953 ἢ
1275 1884 1328 1952 τῆς

56 1992 295 2069 Λακεδαιμονίαν
329 2019 362 2059 τε
395 1995 502 2076 ἔχθρας
533 1994 583 2061 καὶ
614 2004 667 2071 τῆς
699 1995 869 2075 παραυτίκα
899 1993 1016 2062 ἕκαστοι
1048 1996 1121 2068 tatas
1145 2004 1255 2077 Δωριῆς
1278 1995 1328 2061 ε’πί

58 2112 187 2192 Δωριέας
217 2113 298 2191 μετὰ
327 2116 481 2190 Ἀθηναίων
512 2114 608 2180 Ἰιίνιον
638 2115 812 2192 ἠκολούθουν.
847 2116 875 2181 Β
906 2116 992 2184 solus
1023 2120 1098 2201 post
1125 2119 1252 2195 Ἀργεῖοι
1275 2118 1329 2194 μὲν

57 2229 138 2316 legit
172 2232 239 2311 ναν
273 2239 305 2298 et
339 2253 414 2299 mox
448 2238 522 2318 post
555 2233 628 2307 ίδιιίς
663 2234 776 2302 inserit
806 2237 983 2318 ὠφελίας,
1017 2234 1135 2320 quibus
1166 2234 1328 2303 vocabulis

59 2369 171 2416 carere
204 2352 332 2417 omnino
366 2373 431 2418 non
465 2373 645 2436 possumus.
691 2353 848 2422 Vaticano
887 2355 982 2440 plane
1021 2355 1182 2422 censentit
1215 2353 1326 2421 Valla:

62 2488 168 2549 „nam
201 2467 328 2556 Argivi,
369 2470 532 2538 societatis
565 2473 672 2557 gratia
704 2474 813 2558 potius
852 2493 948 2558 quam
982 2473 1220 2540 inimicitiarum
1256 2494 1329 2539 cum

62 2586 343 2667 „Lacedaemoniis
374 2594 407 2656 et
437 2611 515 2657 suae
545 2591 698 2676 cuiusque
729 2592 772 2659 ad
801 2613 955 2677 praesens
985 2592 1194 2673 utilitatis,
1226 2593 1328 2659 Duras

63 2704 239 2786 „adversus
263 2706 380 2789 Deras,
406 2709 536 2793 sequuti
559 2716 635 2776 sunt
656 2710 887 2792 Athenienses,
909 2711 965 2797 qui
989 2716 1064 2778 sunt
1085 2709 1209 2779 Iones''.

104 2824 186 2891 Ibid.
210 2825 301 2912 Vulg.
331 2825 438 2907 ξυνέβη
462 2829 491 2894 δὲ
514 2836 573 2901 τοῖς
597 2830 684 2910 Κρησί
710 2833 762 2906 τὴν
787 2831 883 2897 Γέλαν
907 2832 1018 2904 Ῥοδίοις
1042 2829 1263 2909 ξυνκτίοαντας
1286 2833 1329 2908 μὴ

60 2944 112 3022 ξὺν
135 2953 195 3019 τοῖς
218 2947 346 3020 οίτοίκοις
369 2951 441 3013 ἀλλ’
464 2948 511 3013 ἐπί
535 2948 601 3021 τοὺς
625 2950 796 3022 οίποίκους
821 2948 975 3024 ἄκοντας
998 2952 1079 3028 μετα
1106 2953 1207 3028 αιτίοῦ
1226 2952 1328 3036 ἕλίεῑν,

61 3063 88 3130 Β
111 3064 216 3132 solus:
339 3067 499 3139 ἐποίκους
524 3068 678 3140 ἐκίντοις.
715 3067 888 3142 Ἐκίντας
911 3091 989 3136 sane
1011 3071 1106 3137 unice
1129 3077 1178 3138 est
1201 3091 1327 3148 verum,

61 3186 157 3253 etiam
182 3207 202 3252 a
225 3185 318 3253 Valla
340 3205 546 3272 expressum:
573 3184 821 3272 „Contingitque
842 3192 878 3253 ut
901 3185 1069 3255 Cretenses
1093 3188 1149 3273 qui
1170 3209 1328 3255 unacum

64 3304 217 3386 „Rhodiis
240 3304 352 3372 Gelam
376 3305 611 3389 condidissent,
639 3326 704 3372 non
727 3325 786 3391 pro
811 3303 932 3371 colonis
956 3311 1104 3393 starent,
1136 3306 1192 3374 sed
1216 3311 1329 3373 contra

64 3421 157 3504 „illos
180 3421 281 3489 ultro
305 3423 466 3508 stipendia
489 3421 659 3489 facerent'.
695 3421 787 3500 Quod
810 3422 851 3488 ad
875 3421 902 3486 B
927 3422 1086 3495 ἐποίκους
1110 3424 1226 3490 attinet
1249 3431 1328 3509 puto

61 3545 241 3608 comeatum
264 3562 398 3608 essene
421 3541 470 3608 bis
493 3540 578 3608 idam
602 3540 792 3608 vocabulum
813 3542 994 3608 iteraretur.
1019 3541 1220 3626 Quamquam
1236 3563 1330 3628 prae·

62 3659 179 3728 cedens
202 3661 335 3734 ατοίιιονς
359 3660 511 3727 admonet
532 3666 569 3727 ut
592 3664 625 3726 et
648 3665 759 3727 nostro
782 3658 854 3726 loco
877 3660 1041 3746 vulgatam
1065 3680 1225 3728 servemus
1238 3661 1275 3744 l).

106 3898 215 3984 Caput
244 3897 286 3964 57
317 3896 342 3988 ξ
375 3899 427 3965 10.
457 3897 549 3984 Vulg.
576 3897 624 3964 καί
648 3903 827 3964 Σικελιωτῶν
849 3898 883 3964 τὸ
906 3897 1004 3976 πλέον,
1028 3909 1050 3963 Β
1073 3896 1121 3963 καί
1146 3905 1274 3964 Σικελῶν
1297 3900 1329 3963 τὸ

62 4018 160 4086 πλέον.
208 4016 317 4102 Valla,
343 4038 414 4083 cum
437 4017 478 4083 de
502 4016 629 4083 Siciliae
652 4016 763 4083 incolis
785 4016 943 4101 indigenis
968 4035 1072 4083 sermo
1096 4016 1151 4101 sit,
1166 4016 1238 4101 jure
1255 4035 1330 4082 con-

62 4137 160 4206 sentit
193 4137 315 4221 optimu
348 4135 448 4205 libro:
487 4142 539 4219 „et
571 4136 717 4221 plerique
740 4135 949 4203 Siculorum.’'
995 4134 1091 4204 Valla
1113 4156 1224 4202 revera
1246 4135 1330 4201 inter

95 4380 124 4448 1)
142 4381 175 4433 ct.
192 4379 342 4435 Glareanus.
