3098 4988
833 296 878 370 40·

221 550 394 611 Σικελιῶται
424 549 457 611 et
487 543 604 610 Σικελοί
633 542 817 629 distinguit,
842 565 914 610 eum
937 543 1034 628 paulo
1058 563 1157 628 supra
1180 550 1362 610 Σικελιωτῶν
1385 542 1490 624 Νύξιοι

220 667 270 731 καὶ
300 675 461 732 Καταναῖοι
486 666 732 750 interpretetur:
759 685 819 746 „ex
843 663 1062 731 Siciliensibue
1085 663 1179 730 Naxii
1202 671 1235 730 et
1258 661 1489 734 Catanenses.'’

265 903 371 990 Caput
394 903 437 970 58
460 900 485 994 ξ
506 905 537 971 4.
560 903 653 990 Vulg.
676 902 768 977 ἄλλος
790 904 908 983 ύμιλοι,
932 903 959 968 Β
983 902 1074 970 addit
1098 902 1267 983 articulus,
1291 924 1357 988 que
1378 925 1488 973 carere

221 1044 300 1090 sane
322 1043 502 1108 possumus.

266 1142 345 1210 Ibid.
368 1140 458 1228 Vulg.
486 1142 542 1208 διοὶ
565 1142 714 1221 μέχεύος
737 1142 871 1214 πόλεως
894 1141 954 1206 καὶ
979 1138 1032 1207 ύτι
1056 1142 1085 1205 ε’ν
1107 1142 1242 1224 μεγίστῳ
1264 1142 1381 1224 κινδύνῳ
1404 1138 1487 1229 ἦσαν,

220 1276 242 1330 Β
278 1263 335 1329 διοδ
369 1262 519 1341 μέχεύύς
549 1287 588 1327 τε
618 1261 754 1333 πύλεως
785 1263 844 1326 καὶ
876 1257 931 1327 ύτι
962 1262 1032 1340 yda
1056 1263 1085 1326 ε’ν
1106 1262 1241 1344 μεγίστῳ
1264 1264 1379 1345 κινδύνῳ
1403 1263 1487 1341 ἦσαν.

220 1380 293 1449 Non
323 1383 407 1448 mals
438 1380 551 1448 addita
580 1385 629 1448 est
660 1381 795 1466 copula,
819 1381 1036 1466 conjunctioni
1058 1386 1166 1448 tamen
1189 1383 1249 1464 γὰρ
1273 1382 1366 1451 loeus
1391 1384 1488 1470 plane

220 1500 326 1568 nullus
360 1506 419 1568 est.
468 1498 559 1567 Valla
593 1504 699 1567 recte:
737 1506 829 1581 ,μανι
862 1520 921 1584 pro
956 1499 1112 1585 civitatis,
1148 1507 1220 1568 tum
1252 1521 1311 1590 pro
1346 1502 1487 1591 periculi

222 1618 461 1707 „magnitudine
483 1619 521 1687 οἰο
544 1638 607 1707 quo
630 1618 757 1686 οναιιλ”
781 1617 1106 1685 Animadvertendum
1130 1623 1180 1685 est
1202 1618 1300 1687 verba
1326 1620 1434 1701 „tum”
1455 1628 1487 1689 et

223 1744 310 1820 „tum
334 1760 393 1826 pro
416 1737 571 1824 periculi’'
595 1743 628 1805 et
653 1738 792 1823 „inquo
816 1737 925 1806 erant‘’
944 1757 1099 1823 expressa
1113 1759 1184 1806 esee
1199 1739 1318 1807 litteris
1334 1742 1484 1822 cursivis3

225 1858 303 1943 quid
334 1862 440 1924 autem
471 1857 545 1925 inde
576 1862 756 1925 statuamus
787 1858 829 1925 sit
850 1878 980 1925 necesse
1005 1857 1046 1925 de
1070 1857 1184 1925 Valles
1208 1858 1335 1945 codiee,
1360 1861 1485 1946 nescio,

223 1997 296 2044 cum
323 1997 396 2043 eum
425 1976 539 2062 legisse
570 1981 694 2044 tantum
725 1976 773 2042 aa
795 1977 917 2055 μὲνεύος
941 1975 1050 2051 πόλεως
1074 1998 1189 2063 pamm
1214 1977 1333 2062 speciei
1356 1976 1485 2048 habeat.

221 2097 283 2179 ru
305 2096 380 2165 libri
402 2097 429 2163 B
452 2096 547 2164 Valla
565 2097 639 2182 jure
662 2095 779 2164 omisit.
839 2173 841 2176 v

263 2335 369 2422 Caput
391 2334 434 2403 59
457 2336 481 2429 ξ
506 2338 536 2404 1.
560 2335 654 2421 Vulg.
687 2332 731 2402 Οἵ
749 2359 783 2400 τε
809 2331 857 2400 οὖν
879 2313 1064 2415 Σύρακύσιοι,
1095 2331 1170 2400 Boi'
1186 2360 1220 2400 τε
1243 2332 1290 2401 οὖν
1318 2335 1487 2416 Συρακόσιοι

218 2455 268 2522 κοιλ
300 2457 323 2520 οἱ
352 2454 511 2537 ξύμμαχοι
542 2455 575 2521 in
605 2454 721 2540 quibus
744 2453 909 2538 Kruegero
933 2457 1099 2538 praeunte
1113 2452 1252 2521 editores
1275 2475 1335 2539 pro
1358 2479 1393 2520 τε
1415 2476 1487 2522 cor·

217 2580 368 2643 rexerunt
389 2574 420 2639 δέ
442 2573 496 2658 (al.
520 2571 644 2659 class).
691 2572 787 2639 Valla
809 2572 865 2656 qui
888 2592 981 2638 omne
1003 2571 1089 2638 ferat
1110 2577 1264 2656 punctum
1284 2572 1400 2659 digrms
1414 2579 1484 2643 estz

220 2692 343 2780 „Igitur
365 2712 429 2759 nou
450 2691 610 2758 immerito
633 2690 827 2778 Syracusani
850 2711 894 2757 ac
918 2687 1046 2759 socii.”

262 2810 343 2878 Ibid.
367 2809 458 2896 Vulg.
481 2811 601 2895 οἱχῶνα,
626 2822 647 2875 Β
671 2809 837 2888 ύχοονύσμα.

263 2929 346 2996 Ibid.
370 2929 464 3015 Vulg.
487 2930 537 2996 καὶ
560 2929 633 3008 μηδὲ
657 2932 731 2995 καθ’
754 2927 909 3009 ἑκούτερα
933 2928 1057 3015 αύτούς,
1081 2929 1158 3006 μήτε
1177 2928 1224 2995 ut
1240 2928 1392 3006 ύαλούσσκς
1408 2931 1488 3009 μήτε

217 3050 258 3131 τῷ
280 3046 376 3130 πεζῷ,
401 3048 574 3130 διαφυγεῖν,
603 3059 626 3113 Β
649 3045 699 3112 καὶ
723 3046 796 3126 μηδὲ
818 3049 892 3113 καθ’
915 3046 1019 3126 ἕτερα
1042 3047 1112 3134 uri,
1137 3049 1222 3132 quod
1244 3047 1371 3116 videtur
1393 3072 1487 3137 prae·

219 3171 317 3236 stare.
358 3165 445 3232 Nihil
484 3166 563 3234 certi
596 3166 758 3233 lucramur
792 3186 832 3231 ex
853 3164 964 3245 Valla,
990 3167 1056 3251 ·qui
1089 3164 1222 3234 liberius
1256 3168 1402 3235 verterit:
1434 3175 1488 3250 „et

218 3291 355 3372 utraque
378 3291 472 3371 parts
493 3286 602 3374 illum,
626 3285 707 3353 mari
730 3290 897 3372 terraque,
923 3282 1063 3370 effugere
1085 3285 1318 3370 prohibend0.’'

186 3485 188 3488 Α
264 3521 369 3608 Caput
399 3520 443 3588 60
472 3520 551 3612 §Z
574 3520 666 3607 Vulg.
697 3520 765 3602 πρὸς
792 3520 821 3585 δὲ
850 3523 957 3595 αὐταῖς
979 3529 1047 3595 ταῖς
1070 3521 1170 3589 ναυσὶν
1192 3522 1399 3603 ἀπολαβόντες
1424 3525 1486 3592 δια·

217 3641 364 3724 τείχισμα
386 3667 414 3707 τι
437 3639 501 3708 ύσον
524 3637 579 3707 οἶύν
602 3666 635 3707 τε
658 3641 818 3722 ε’λύχιστον
841 3653 949 3707 Β....
975 3641 1197 3722 διατειχίσματι
1221 3642 1282 3708 ὅσον
1304 3645 1367 3711 κτὲ.
1414 3646 1486 3713 Etsi

218 3759 316 3847 paulo
337 3761 470 3828 liberius
493 3758 599 3828 locum
613 3758 769 3845 reddidit,
785 3759 989 3828 nihilominus
1004 3761 1130 3831 Vadam
1146 3783 1218 3828 eum
1233 3761 1317 3832 librc
1332 3763 1359 3829 Β
1375 3764 1485 3833 lacere

218 3878 378 3946 ridemus:
412 3882 690 3966 „occupatumque
721 3883 796 3945 ante
825 3900 922 3946 naves
953 3882 1057 3947 locum
1088 3902 1185 3967 quam
1214 3882 1346 3950 minimo
1372 3891 1486 3969 posset

217 4018 309 4065 mure
344 3995 629 4064 concludendum.''
674 3997 724 4062 Ex
757 3996 852 4077 locis,
886 3997 991 4082 qualis
1024 4005 1135 4067 noster
1168 4005 1235 4080 est,
1258 4000 1376 4070 librum
1399 4002 1428 4068 Β
1451 4009 1484 4071 et

217 4117 344 4185 Vallem
365 4116 480 4183 ceteris
503 4116 650 4183 omnibus
668 4114 760 4182 libris
775 4115 876 4202 pluris
890 4116 1007 4203 valere,
1022 4117 1056 4183 ni
1071 4116 1176 4206 fallor,
1194 4120 1332 4205 quisque
1348 4126 1480 4189 statuet.

262 4236 341 4303 Ibid.
365 4234 456 4320 Vulg.
479 4236 676 4310 ούσύενὲσιν,
699 4246 721 4300 Β
745 4217 908 4301 οὶσύενοῦσιν
931 4256 1002 4302 cum
1025 4238 1243 4324 superscripta
1269 4239 1409 4325 vulgata

261 4355 340 4422 Ibid.
357 4354 449 4440 Vulg.
471 4354 531 4420 οὶπδ
554 4353 582 4419 δὲ
605 4359 656 4419 τοῦ
678 4353 773 4420 ἄλλον
796 4354 882 4437 πεζοῦ
905 4356 963 4429 τοδς
986 4362 1055 4431 ναῦς
1079 4356 1200 4431 πύσας
1218 4407 1291 4429 ....
1310 4366 1482 4454 πληρῶσαι,
