3098 4988
748 287 809 353 121

184 525 265 592 Ibid.
302 525 394 610 Vulg.
432 523 652 605 Ἀρνεννούσαις
686 524 736 590 vel
772 523 983 606 Ἀργινούσαις.
1022 525 1303 606 ΒἈρνενούσσαις.
1334 525 1414 593 Cum

134 643 355 711 Herwerdeno
380 642 583 709 scribendum
607 648 657 708 est
681 643 908 722 Ἀργινούσσαις.

184 761 208 852 ᾖ
232 764 263 830 3.
300 762 417 828 Omnes
453 762 544 829 libri:
581 765 709 828 ἐντεῦθεν
742 763 767 827 δ’
799 763 841 827 ἔτι
873 768 985 834 πολλοῖς
1017 762 1116 834 νυκτύς
1147 762 1414 844 παραπλεύσαντες

135 887 193 959 τὴν
223 885 370 960 Κυμαίαν.
407 884 666 968 Uniuscoiusque
698 889 747 950 est
778 882 979 967 proscribere
1002 884 1054 956 ab
1076 884 1215 960 Κυμαίαν
1239 903 1257 949 e
1280 902 1413 976 praece-

135 1003 228 1070 denti
258 1003 466 1088 paragrapho
497 1003 560 1069 huc
592 1022 745 1087 perverse
775 1002 950 1080 insertnm3
983 1002 1100 1068 etenim
1119 1002 1188 1097 J'am
1211 1000 1312 1068 multo
1336 1006 1413 1068 ante

137 1141 232 1186 oram
261 1121 439 1206 Oymanam
461 1120 674 1205 praetervecti
697 1123 798 1186 erant.
838 1119 932 1186 Solus
955 1124 1005 1186 est
1027 1118 1140 1205 Valla,
1175 1119 1230 1204 qui
1255 1119 1414 1187 emblema

136 1259 207 1304 non
236 1239 329 1305 vidit:
368 1237 480 1318 „Unde
512 1239 614 1306 multa
645 1244 740 1305 nocte
771 1236 1010 1322 proficiscentes
1034 1287 1042 1304 .
1063 1287 1070 1305 .
1093 1285 1101 1304 .
1123 1285 1131 1304 .
1156 1238 1346 1322 perveniunt
1380 1237 1415 1302 in

137 1355 339 1423 Rhoetium”.

102 1662 104 1665 ,
189 1594 295 1679 Caput
320 1596 383 1661 102
407 1592 431 1685 ᾖ
455 1597 486 1663 2.
524 1595 616 1681 Vulg.
650 1597 705 1668 τὰς
735 1595 764 1660 δὲ
794 1596 875 1672 μετοὶ
906 1601 957 1662 τοῦ
989 1595 1134 1678 Μινδάρου
1250 1594 1415 1667 κατιδόντες

140 1715 196 1788 πὶρν
218 1712 311 1789 δίωξιν
334 1715 414 1787 εύύύς
439 1714 598 1791 ποιούμενοι
619 1717 650 1780 ού
666 1715 805 1798 φθάνουσι
821 1722 949 1783 ποῖσαι.
972 1728 994 1781 Β
1017 1715 1149 1788 παίσας.
1171 1713 1327 1782 Neutrum
1342 1736 1415 1800 pro-

141 1830 287 1898 bandum
322 1831 448 1898 videtur
483 1833 544 1898 etsi
578 1832 740 1917 vulgatam
775 1853 832 1918 per
867 1854 902 1900 se
934 1832 1141 1919 rejiciendam
1172 1833 1320 1917 equidem
1351 1851 1417 1898 non

142 1954 238 2034 puto,
264 1948 366 2017 fretus
391 1973 417 2017 c.
445 1952 509 2018 104
532 1956 552 2035 5
576 1953 613 2029 2,
639 1957 659 2036 ξ
684 1953 721 2033 3,
745 1953 801 2018 ubi
823 1953 920 2020 etiarn
945 1952 1102 2020 classiarii
1123 1952 1240 2018 milites
1263 1956 1296 2017 et
1319 1970 1416 2018 naves

144 2069 399 2154 conjunguntur-3
434 2076 604 2155 praeterea
637 2076 674 2137 nt
709 2071 874 2143 κατιδόντες
907 2077 995 2139 recte
1032 2072 1151 2138 dicitur
1186 2070 1226 2137 de
1263 2069 1417 2135 militibus
1486 2072 1489 2079 ’

142 2187 237 2271 ipsis,
260 2187 308 2253 ita
326 2188 422 2273 juxta
444 2189 601 2270 φύσίνουσι,
624 2190 712 2274 quod
736 2189 779 2256 ad
802 2211 898 2257 naves
923 2191 1072 2276 respicit,
1091 2190 1168 2256 ferri
1184 2193 1290 2274 potest
1305 2192 1413 2257 παῖσαι.

143 2303 266 2372 Reishii
297 2306 479 2373 emendatio
508 2308 619 2380 πύσαις
653 2309 782 2375 arridet.
828 2310 877 2375 Ex
907 2309 1001 2377 Valla
1031 2310 1111 2376 nihil
1134 2309 1213 2376 certi
1235 2308 1415 2374 lucramur:

149 2425 202 2505 „in
235 2431 442 2509 conspectum
472 2433 629 2493 venerunt
658 2426 779 2494 classes
795 2429 836 2513 (i)
870 2428 1010 2495 Mindari
1033 2434 1066 2496 et
1088 2427 1238 2513 evestigio
1260 2426 1357 2512 fugae
1383 2446 1417 2494 se

144 2540 349 2607 mandarunt.
396 2541 506 2627 Neque
540 2549 649 2610 tamen
686 2564 797 2611 omnes
831 2544 942 2630 fugam
978 2543 1207 2629 occuparunt”.
1253 2544 1344 2622 Quod
1375 2544 1417 2612 ad

143 2658 207 2725 loci
238 2660 431 2743 scripturam
463 2661 594 2742 attinet,
626 2684 694 2729 rem
726 2683 788 2729 acu
818 2663 960 2748 tetigisse
990 2663 1068 2730 mihi
1099 2663 1224 2731 videtur
1247 2662 1415 2742 Naberus,

146 2778 200 2860 qui
224 2777 474 2845 commendavit:
497 2781 550 2854 siu
573 2777 678 2856 ἄνοιξιν
702 2781 783 2854 εύύὺς
806 2782 966 2859 ποιούμενοι
979 2781 1018 2868 Ῑ).

188 2896 273 2966 Ibid.
303 2898 374 2962 ἀλλ’
405 2899 438 2962 αἱ
469 2899 523 2974 μὲν
553 2902 670 2972 πλείους
701 2900 749 2964 ἐπὶ
780 2909 832 2975 τῆς
864 2902 1005 2984 ἠπείρου
1035 2902 1085 2967 καί
1117 2902 1238 2978 Λήμνου
1269 2901 1416 2984 διέφυγον.

146 3015 241 3081 ΒΟΙ.
270 3016 347 3082 Ven.
371 3017 526 3100 Ἴμβρου.
561 3018 656 3103 Apud
687 3039 739 3085 me
771 3023 915 3103 constat,
945 3018 1041 3085 lectio
1064 3017 1212 3085 Vaticani
1235 3018 1263 3084 si
1287 3020 1419 3103 cognita
1477 3046 1480 3050 ·

145 3155 208 3203 non
233 3142 338 3216 esset,
361 3138 519 3204 neminem
544 3139 686 3224 scrupuli
707 3140 784 3224 quid
801 3138 1022 3207 offendissem
1037 3139 1186 3224 vulgata,
1210 3158 1282 3204 cum
1298 3138 1419 3223 optime

146 3253 267 3321 factum
300 3275 370 3323 esse
394 3257 510 3340 possit,
535 3262 571 3323 ut
593 3277 692 3324 naves
714 3259 747 3323 in
771 3257 868 3324 Asiae
892 3258 1108 3325 continentem
1130 3256 1281 3342 fugerint
1327 3256 1419 3336 Quod

147 3373 315 3456 quominus
355 3379 534 3441 statuamus
574 3396 778 3461 nequaquam
809 3375 917 3444 obstat
946 3374 971 3465 ξ
1001 3378 1022 3442 2
1052 3377 1222 3454 βουλόμενοι
1255 3379 1434 3441 ἐκπλεῦσαι

147 3491 174 3563 ἒς
194 3493 247 3565 σὴν
264 3493 459 3576 εὐρυχωρίαν,
483 3493 571 3577 qnod
586 3494 666 3560 nihil
682 3493 843 3580 significat
859 3494 921 3561 nisi
936 3494 1147 3562 Athenienses
1163 3494 1238 3562 freti
1255 3493 1419 3580 angustias

146 3607 246 3675 vitare
269 3608 416 3676 voluisse.
463 3609 616 3678 Attamen
638 3612 877 3679 concedendum
900 3617 949 3679 est
971 3611 1120 3679 Vaticani
1142 3612 1312 3679 lectionem
1338 3610 1419 3678 arri-

147 3724 221 3791 dere
244 3725 342 3809 idque
368 3728 525 3812 imprimis
549 3727 590 3795 ob
615 3751 642 3794 o.
662 3731 726 3796 103
749 3728 774 3820 ξ
796 3732 817 3796 2
840 3732 897 3801 τοὶς
922 3732 955 3794 ἐκ
977 3738 1030 3806 τῆς
1049 3729 1176 3809 Ἴμβρον
1198 3731 1263 3796 doctr
1288 3728 1419 3810 κατέφν·

146 3865 198 3916 νον
222 3844 300 3928 (quo
310 3846 338 3929 1)
363 3844 545 3927 κομίζουσαι,
580 3847 665 3912 unde
689 3853 722 3913 et
746 3848 976 3915 correctionem
999 3849 1154 3932 originem
1175 3848 1293 3915 ducere
1308 3867 1421 3932 persu-

147 3981 239 4027 asum
272 3961 351 4026 mihi
380 3969 438 4030 est.
484 3965 559 4031 Una
589 3969 697 4031 antem
728 3966 806 4032 mihi
832 3970 936 4032 restat
966 3963 1159 4032 difficultas:
1191 3966 1220 4031 si
1250 3984 1348 4031 naves
1380 3963 1420 4031 de

147 4079 263 4163 quihus
286 4101 314 4145 ο.
341 4081 405 4146 103
428 4079 466 4148 fit
494 4082 630 4169 mentio,
655 4082 789 4149 eaedem
815 4089 904 4171 sont,
929 4102 1013 4166 qnae
1040 4087 1152 4149 nostro
1180 4083 1250 4150 loco
1278 4082 1420 4149 Imbrum

149 4245 397 4252 -—-—-——————-.

179 4344 207 4410 1)
226 4343 412 4412 Mnemosyncs
429 4346 463 4398 N.
482 4346 508 4398 S.
528 4348 576 4399 vol.
595 4347 663 4400 XIV.
682 4362 740 4415 pag.
757 4347 815 4400 tet.
