3098 4988
654 324 715 397 117

45 580 100 640 est
134 573 324 659 pleniusque
358 580 433 658 post
464 575 553 638 οἰκιῶν
584 573 837 659 interpungatur.
884 574 977 652 Quod
1008 575 1071 641 ni'si
1099 575 1211 642 feceris
1235 574 1319 640 unde

44 697 187 780 pendere
210 703 306 780 putas
324 695 514 762 seutentiam
530 695 659 761 finalem
675 694 751 768 ὅπως
767 706 864 777 σχολῇ
879 698 953 761 ari?
981 695 1200 780 Suspicionem
1216 717 1320 761 meam

45 820 157 880 tuetur
188 813 302 880 Valla:
342 814 403 893 „At
434 815 482 880 illi
513 814 635 880 cibaria
665 815 699 879 in
729 815 899 899 prandium
927 814 1169 894 mercabantur,
1193 835 1257 880 non
1281 835 1322 879 ex

45 933 119 1000 foro
144 935 199 999 sed
224 935 458 1000 domesticatim
482 956 524 1000 ex
548 934 661 1000 ultima
685 934 773 1001 urbis
797 940 900 1019 parte.
948 934 1031 1000 Nam
1054 934 1174 1018 nequid
1196 934 1230 998 in
1249 932 1320 999 foro

45 1051 239 1118 venderetur
269 1052 468 1118 Eretrienses
500 1058 750 1138 prospexerant:
786 1059 822 1119 ut
843 1055 918 1119 dum
943 1058 1132 1120 cunctanter
1155 1073 1252 1118 naves
1275 1051 1322 1116 in-

45 1171 275 1257 mederentur,
300 1171 340 1236 ab
365 1171 457 1238 hoste
479 1170 772 1255 praevenirentur.'‘

96 1290 179 1356 Ibid.
203 1292 297 1377 Vulg.
321 1289 396 1365 ὅπως
423 1344 474 1359 ...
496 1291 789 1370 ἕξαναγκοὶσειαν
813 1295 888 1366 ταῦτ’
904 1294 1059 1369 Αίνρναίοας
1077 1342 1106 1359 ..
1124 1342 1131 1356 .
1147 1290 1320 1370 ἀνοίγεσθαι.

48 1410 168 1475 Beum
192 1410 384 1494 quibusdam
408 1412 480 1477 aliis
503 1415 727 1501 αναγκιίσειαν,
752 1414 840 1480 solus
865 1419 972 1480 autem
989 1414 1199 1491 ἕναγαγέσθαι.
1229 1412 1323 1478 Gom-

49 1528 190 1613 positum
224 1528 355 1595 verbum
389 1529 602 1612 ἐξαναγκαζειν
637 1553 709 1598 cum
744 1531 831 1616 apud
865 1537 1010 1598 nostrum
1039 1531 1227 1615 scriptorem
1255 1549 1322 1594 non

51 1653 174 1732 exstet,
199 1647 379 1731 sequendus
404 1671 474 1716 esse
498 1649 624 1716 videtur
645 1651 689 1736 B,
715 1672 819 1735 neque
847 1652 1011 1718 tamenin
1034 1651 1154 1716 aoristo
1175 1656 1322 1733 tempore

53 1766 268 1847 despondetur,
292 1766 325 1831 in
349 1788 412 1851 quo
436 1775 606 1852 praeterea
629 1771 657 1833 ἕν
681 1768 760 1834 nihil
783 1768 949 1856 significat
974 1769 1087 1836 Valla:
1115 1768 1188 1849 „isti
1211 1772 1324 1834 utcun-

54 1907 116 1971 que
139 1888 288 1971 impletas
311 1909 407 1954 naves
431 1888 565 1954 educere
589 1886 804 1973 cogerentur.’'

99 2005 124 2097 ξ
147 2007 178 2072 b.
202 2007 294 2091 Vulg.
317 2009 364 2073 διαί
390 2009 525 2084 τοιαύτην
548 2008 581 2082 tt
597 2011 793 2090 παρασκευήν.
822 2008 934 2077 Valla:
958 2009 1052 2099 „Tali
1069 2057 1076 2074 .
1091 2060 1097 2073 .
1112 2057 1119 2072 .
1136 2007 1325 2093 apparatu'’.

57 2127 85 2192 B
109 2134 142 2194 et
165 2130 344 2213 complures
366 2129 441 2195 libri
464 2130 519 2195 alii
542 2129 589 2196 δια
609 2129 743 2205 τοιαύτας
767 2131 800 2205 δὴ
824 2140 1020 2211 παρασκευῆς.
1063 2133 1208 2214 Utraque
1230 2129 1326 2196 lectio

56 2246 133 2314 ferri
155 2254 272 2332 potest

101 2367 182 2434 Ibid.
216 2366 306 2451 Vulg.
339 2369 362 2431 οί
387 2367 530 2442 Ἀθηναῖοι
553 2371 772 2446 ἀναγόμενοι
795 2369 845 2434 καί
868 2371 1137 2450 νανμαχνίσαντες;
1164 2381 1186 2434 Β
1209 2371 1328 2446 ἀναγα-

64 2488 200 2566 γίμενοι,
224 2486 310 2570 quod
334 2486 436 2553 solum
460 2488 623 2554 contextui
646 2493 722 2572 apte
742 2488 897 2574 jungitur.
934 2486 986 2554 Sic
1001 2486 1109 2553 Valla:
1137 2486 1215 2570 „tali
1229 2486 1328 2552 Athe·

60 2607 186 2674 nienses
210 2612 371 2692 apparatu
393 2608 545 2691 provecti.

103 2727 187 2792 Ibid.
212 2726 307 2811 Vulg.
340 2727 369 2798 ἐς
400 2728 501 2810 duabu
532 2727 705 2808 τραπόμενον
737 2732 832 2792 recte.
878 2725 1146 2806 Βὲκτραπίμενοι,
1173 2725 1329 2793 correctio

61 2844 286 2912 infelicissima.
332 2844 440 2911 Valla:
467 2847 520 2927 „in
542 2845 652 2930 fugam
675 2843 812 2912 versos’'.

103 2962 128 3054 ξ
163 2965 193 3030 6.
229 2964 321 3049 Vulg.
355 2966 379 3028 οί
411 2965 435 3030 δ’
468 2968 496 3037 ἐς
527 2965 561 3031 τὸ
591 2967 835 3046 ἐπιτείχισμα
866 2966 900 3032 τί
922 2967 951 3031 ἐν
978 2977 1014 3049 τῇ
1038 2966 1184 3048 Ἐρετρίᾳ,
1212 2963 1225 3028 ὃ
1249 2961 1330 3044 εἶχαν

64 3084 161 3169 αὐτοί,
186 3081 412 3163 περιγίγνονται.
435 3096 457 3149 Β
480 3085 677 3165 τείχισμα,
700 3086 837 3166 rectius,
861 3087 938 3170 quia
962 3086 1002 3152 de
1026 3085 1158 3152 castello
1173 3085 1206 3150 in
1222 3082 1331 3150 hostili

64 3209 150 3271 terra
186 3209 349 3271 exstructo
384 3226 488 3271 sermo
522 3225 588 3272 non
622 3227 693 3272 esse
725 3207 857 3272 videtur.
904 3208 1106 3291 Quamquam
1137 3205 1203 3271 alia
1229 3209 1331 3270 restat

67 3324 258 3404 difficultas,
283 3347 380 3410 quam
405 3326 535 3392 sustulit
559 3325 740 3411 Stephanus
763 3347 823 3410 pro
846 3327 870 3391 ιί
894 3325 923 3392 δὲ
945 3325 1087 3392 scribens
1103 3324 1133 3390 σί
1142 3325 1180 3390 δὲ.
1204 3325 1330 3390 Etenim

64 3446 85 3508 οἱ
107 3445 137 3510 δὲ
161 3447 190 3518 ἐς
216 3445 249 3509 τὸ
272 3447 419 3526 τείχισμα
443 3447 657 3527 περιγίγνονται
683 3447 808 3514 soloece
831 3451 881 3512 est
903 3446 1041 3526 dictum3
1071 3451 1204 3529 recepta
1226 3449 1331 3509 autem

65 3571 259 3637 correctione
306 3571 496 3637 subauditur
536 3572 761 3652 καταφεύγουσι
803 3574 837 3634 et
870 3568 978 3633 omnia
1011 3571 1096 3632 recte
1132 3586 1167 3632 ss
1200 3563 1332 3631 habent.

65 3688 246 3775 Stephanus
276 3690 433 3774 probatur
467 3689 625 3756 aValla:
664 3688 825 3770 „Quorum
848 3690 1030 3774 quicunque
1054 3689 1097 3754 ad
1120 3691 1232 3756 urbem
1255 3690 1332 3754 Ere·

65 3810 254 3876 triensem..
269 3860 275 3874 .
299 3808 526 3894 confugerant,
540 3859 548 3876 .
562 3856 590 3875 ..
615 3809 777 3875 interfecti
801 3813 891 3876 suut:
915 3810 971 3894 qui
986 3829 1060 3876 vero
1075 3810 1109 3875 in
1125 3809 1332 3889 munitiones,

64 3950 145 4013 quas
168 3929 231 4014 ipsi
254 3928 287 3993 in
311 3929 438 3995 Eretria
459 3928 628 4014 tenebant,
653 3929 826 3995 incolumes
849 3926 967 3996 luere.''

108 4047 133 4138 ξ
157 4050 188 4114 7.
212 4047 304 4133 Vulg.
328 4048 377 4113 καί
402 4051 433 4113 οὐ
457 4051 557 4131 πολλῷ
581 4046 712 4130 ὕστερον,
747 4061 769 4114 B
791 4049 840 4114 καί
866 4049 979 4130 ὕστερον
1001 4052 1032 4114 οὐ
1055 4050 1166 4129 πολλῷ.
1201 4047 1332 4114 Utrum-

64 4193 125 4257 que
148 4192 189 4239 ex
213 4171 377 4255 scriptoris
400 4191 462 4236 usu
484 4175 534 4236 est
556 4170 685 4236 dictum.
732 4169 842 4236 Valla:
870 4190 994 4254 „neque
1017 4170 1116 4235 multo
1139 4167 1242 4254 post’.

109 4412 216 4501 Caput
239 4411 281 4478 96
305 4409 329 4502 ξ
354 4414 382 4477 1.
413 4412 547 4493 Παρέσπν
575 4410 731 4499 praebent
760 4411 834 4478 libri
864 4432 973 4479 omnes
998 4414 1131 4497 excepto
1155 4409 1186 4490 Ι,
1210 4409 1243 4477 in
1268 4431 1332 4497 quo
1346 4475 1360 4481 ..
