3098 4988
668 320 709 385 19

97 558 203 645 Caput
234 557 326 650 325
359 559 388 625 1.
418 557 508 644 Vulg.
531 557 757 640 προπυθόμενος,
782 557 887 623 minus
910 560 1006 621 recte.
1042 551 1154 619 Valla:
1181 548 1326 631 „dehac

50 697 88 743 re
112 678 230 744 certior
253 675 388 744 factue.'’

94 793 178 862 Ibid.
210 799 224 862 ό
254 798 361 869 Ννκόας
500 795 612 874 πέμπεν
636 798 665 870 ἐς
689 802 745 862 τῶν
770 801 898 863 Σικελῶν
922 794 987 867 τοὺς
1009 795 1062 869 την
1087 791 1173 858 δίοδον
1196 789 1323 869 ἔχοντας

49 915 113 979 καὶ
145 913 389 997 ξυμμάχους,
422 929 444 981 Β
476 919 537 982 καὶ
568 918 676 998 οΦόπν
708 916 943 996 ξυμμάχους.
980 913 1096 981 Valla:
1138 909 1196 995 ᾖΝ.
1228 907 1327 975 mittit

52 1033 99 1100 ad
130 1054 186 1101 eos
217 1033 341 1102 Siculos
370 1057 437 1121 qua
460 1037 657 1131 transiturus
680 1041 752 1105 erat
773 1036 875 1104 hostis
897 1039 930 1102 et
953 1034 995 1100 ad
1019 1028 1153 1099 socios’'.
1200 1028 1328 1094 Prono·

51 1152 148 1218 minis
178 1152 278 1240 igitur
307 1156 473 1242 vestigium
504 1156 627 1222 nullum
659 1163 724 1236 est,
756 1176 860 1241 neque
884 1154 949 1221 scio
972 1174 1048 1219 num
1071 1156 1158 1217 recte
1184 1147 1325 1213 addatur

39 1272 157 1357 Ιοφόυν,
188 1274 378 1357 praesertim
408 1280 544 1360 propter
569 1275 727 1361 pluralem
750 1294 937 1358 numerum,
960 1292 1033 1337 cum
1056 1269 1096 1336 de
1120 1266 1213 1333 Nicia
1238 1264 1327 1345 solo,

51 1392 182 1461 minime
204 1394 245 1461 de
268 1393 535 1475 Atheniensibus,
561 1415 624 1481 quo
648 1396 734 1477 οφίον
757 1401 905 1479 κροκόεντα
929 1388 1076 1466 deberet,
1100 1386 1198 1454 verbo
1212 1384 1325 1451 fecerit

51 1512 200 1598 scriptor.
245 1511 351 1579 Locus
374 1520 484 1581 noster
507 1515 585 1581 mihi
601 1513 726 1581 ridetur
742 1511 1001 1580 adnumerandus
1018 1529 1088 1576 esse
1105 1506 1324 1592 compluribus

52 1632 125 1700 aliie
155 1623 230 1699 bbri
260 1646 299 1712 Β,
333 1655 413 1719 quos
443 1634 555 1721 Poppo
585 1632 904 1718 interpretationibus
936 1636 1034 1714 atque
1056 1625 1326 1713 explicationibus

53 1771 75 1818 a
99 1757 282 1818 correctore
305 1751 395 1819 ducit
418 1752 585 1838 suppletus
609 1772 680 1818 esse
699 1752 733 1837 ¹).

100 1867 124 1958 ξ
155 1870 185 1935 2.
217 1868 311 1955 Vulg.
342 1871 367 1934 ol
392 1872 508 1935 Σνκελνό
632 1871 778 1952 ἐνέδραν
802 1896 885 1936 τννα
908 1869 1113 1950 πονησάμενοι,
1136 1881 1159 1935 Β
1183 1867 1330 1947 ἐνέδραν

52 1998 166 2071 τρνχῇ
197 2012 231 2054 π.
262 1987 371 2056 Valla:
406 1989 524 2070 „Siculi
554 1989 688 2058 insidias
719 1992 855 2058 tendunt
887 1991 990 2058 tribus
1020 1992 1054 2057 in
1077 1989 1189 2057 locis''.
1236 1985 1328 2054 Sitne

53 2119 145 2191 τριχῇ
174 2110 324 2195 scriptori
346 2108 552 2177 tribuendum
575 2132 676 2178 necne
699 2113 780 2179 satis
803 2113 955 2179 intricata
977 2112 1124 2197 quaestio
1147 2116 1208 2177 est.
1255 2106 1329 2173 Non

55 2234 167 2297 autem
199 2228 290 2296 video
322 2230 407 2297 unde
438 2241 526 2312 τρνχῇ
558 2237 663 2298 ortum
694 2232 752 2313 sit,
785 2251 889 2316 neque
912 2252 969 2299 cur
992 2232 1152 2298 assentiar
1174 2229 1328 2297 Classeno

16 2327 23 2335 ¹
56 2347 205 2414 docenti:
240 2348 325 2428 ,πυόν
355 2358 444 2432 τριχῇ
475 2329 568 2416 beide
596 2349 725 2416 Wb’rter
747 2350 818 2417 sind
841 2350 886 2416 im
909 2348 1187 2433 Zusammenhang
1209 2364 1331 2429 nnpas·

57 2465 169 2535 eend”.
210 2467 334 2546 Quidni
367 2466 472 2535 tribus
506 2468 539 2533 in
574 2468 652 2535 locis
690 2467 788 2536 Siculi
821 2469 985 2555 potuerint
1019 2468 1172 2535 sbuxime
1194 2463 1330 2531 insidias

59 2585 296 2665 siciliensibus,
332 2586 420 2671 quod
453 2586 685 2654 Herwerdenus
720 2608 847 2672 quoque
882 2586 1052 2654 concedit?
1089 2586 1200 2671 Neque
1231 2584 1330 2668 igitur

57 2726 132 2773 cum
167 2707 234 2774 viro
269 2707 364 2774 docto
399 2706 499 2784 facio,
530 2706 586 2774 ubi
616 2708 768 2794 opinatur
796 2709 831 2774 in
862 2708 927 2774 πνννό
957 2718 1046 2791 τριχῇ
1078 2704 1328 2793 geographicum

57 2824 225 2911 quoddam
247 2847 364 2894 nomen
387 2826 502 2897 latere.

107 3062 214 3149 Caput
236 3064 279 3130 33
302 3061 327 3154 ξ
350 3064 383 3133 3.
405 3075 428 3129 Β
452 3065 484 3130 ἔκ
507 3089 541 3130 τε
563 3073 616 3140 τῆς
640 3065 792 3146 Κορκύρας.
823 3065 965 3151 Vulgata
981 3072 1014 3133 et
1028 3065 1122 3131 Valla
1138 3062 1331 3150 particulam

59 3182 222 3274 omittunt

106 3299 132 3392 ξ
160 3301 190 3368 5.
221 3301 313 3388 Vulg.
344 3301 549 3380 ἀναλαβόντες
579 3310 721 3388 ταῦτα,
753 3314 776 3368 Β
805 3302 932 3376 αὐτόν.
967 3301 1077 3370 Valla:
1105 3322 1209 3386 „quae
1232 3320 1331 3385 quum

62 3420 292 3505 accepissent”.
339 3420 419 3488 Cum
442 3444 507 3490 non
529 3423 624 3490 modo
648 3444 744 3490 naves
769 3422 825 3488 sed
849 3421 948 3489 etiam
968 3420 1166 3507 jaculatores
1189 3441 1210 3486 a
1231 3420 1333 3486 Meta·

62 3539 183 3626 pontiis
212 3539 455 3609 Atheniensium
478 3542 576 3608 duces
601 3543 803 3630 acceperint,
828 3543 934 3626 aptior
957 3540 1107 3609 habenda
1129 3544 1179 3608 est
1201 3540 1333 3625 vulgate

62 3658 177 3737 lectio,
202 3680 299 3744 quam
322 3660 496 3728 Classenus
520 3681 648 3746 quoque
671 3666 721 3729 est
743 3667 883 3729 secutus.

111 3898 218 3984 Caput
249 3898 294 3964 34
323 3896 347 3988 ξ
377 3900 408 3967 2.
438 3897 529 3985 Vulg.
553 3901 566 3965 ό
588 3899 643 3977 μὲν
667 3898 751 3980 πεζός
775 3900 946 3982 ἑκατέρωθεν
965 3897 1334 3980 προσβεβοηθηκότες

167 4016 214 4081 ἐπὶ
237 4023 304 4090 ταῖς
327 4017 552 4099 οόνερηοόοανς
575 4016 678 4101 ἄκραις
702 4019 921 4105 παρετέτακτο,
946 4031 1053 4088 Β
1075 4016 1335 4099 προοβεβοηόηκὼν·

177 4140 416 4220 προανεχοόοανς.
463 4139 516 4206 Ad
550 4138 716 4225 scriptoris
750 4159 880 4205 menum
914 4137 1144 4205 restituendam
1181 4133 1262 4200 nihil
1296 4155 1335 4200 ex

99 4408 129 4473 1)
148 4406 184 4459 Cf.
203 4409 298 4476 Poppo.
315 4421 376 4474 pars
394 4407 432 4470 11,
451 4407 500 4458 vol.
519 4406 530 4457 1
548 4421 606 4472 paq.
623 4405 662 4456 ll.
