<?xml version="1.0" encoding="UTF-8"?>
<!DOCTYPE html PUBLIC "-//W3C//DTD XHTML 1.0 Transitional//EN"
    "http://www.w3.org/TR/xhtml1/DTD/xhtml1-transitional.dtd">
<html xmlns="http://www.w3.org/1999/xhtml" xml:lang="en" lang="en">
 <head>
  <title>
</title>
<meta http-equiv="Content-Type" content="text/html;charset=utf-8" />
  <meta name='ocr-system' content='tesseract 3.04.00' />
  <meta name='ocr-capabilities' content='ocr_page ocr_carea ocr_par ocr_line ocrx_word'/>
</head>
<body>
  <div class='ocr_page' id='page_1' title='image "./dethucydidisvat00vallgoog_0032.png"; bbox 0 0 3098 4988; ppageno 0'>
   <div class='ocr_carea' id='block_1_1' title="bbox 750 309 872 388">
    <p class='ocr_par' dir='ltr' id='par_1_1' title="bbox 750 309 872 388">
     <span class='ocr_line' id='line_1_1' title="bbox 750 309 872 388; baseline 0 0"><span class='ocrx_word' id='word_1_1' title='bbox 750 309 872 388; x_wconf 69' lang='lat'>12&#39;·</span> 
     </span>
    </p>
   </div>
   <div class='ocr_carea' id='block_1_2' title="bbox 131 552 1452 2437">
    <p class='ocr_par' dir='ltr' id='par_1_2' title="bbox 131 552 1452 1369">
     <span class='ocr_line' id='line_1_2' title="bbox 135 552 1417 646; baseline -0.002 -13"><span class='ocrx_word' id='word_1_2' title='bbox 135 567 245 633; x_wconf 78' lang='grc' dir='ltr'><strong><em>πλέον</em></strong></span> <span class='ocrx_word' id='word_1_3' title='bbox 274 565 335 632; x_wconf 88' lang='grc' dir='ltr'>καί</span> <span class='ocrx_word' id='word_1_4' title='bbox 360 565 419 632; x_wconf 72' lang='grc' dir='ltr'>ἐπί</span> <span class='ocrx_word' id='word_1_5' title='bbox 441 575 506 642; x_wconf 77' lang='grc' dir='ltr'>σῆς</span> <span class='ocrx_word' id='word_1_6' title='bbox 540 565 727 639; x_wconf 86' lang='grc' dir='ltr'><strong><em>Βυιιυσίας.</em></strong></span> <span class='ocrx_word' id='word_1_7' title='bbox 762 564 875 632; x_wconf 75' lang='lat' dir='ltr'>Vallaz</span> <span class='ocrx_word' id='word_1_8' title='bbox 902 565 1111 646; x_wconf 79' lang='lat' dir='ltr'>„tantundem</span> <span class='ocrx_word' id='word_1_9' title='bbox 1136 567 1281 630; x_wconf 89' lang='lat' dir='ltr'>autnon</span> <span class='ocrx_word' id='word_1_10' title='bbox 1309 552 1417 630; x_wconf 83' lang='lat' dir='ltr'>multo</span> 
     </span>
     <span class='ocr_line' id='line_1_3' title="bbox 134 681 1416 770; baseline -0.004 -18"><span class='ocrx_word' id='word_1_11' title='bbox 134 686 208 770; x_wconf 92' lang='lat' dir='ltr'>plus</span> <span class='ocrx_word' id='word_1_12' title='bbox 225 684 428 764; x_wconf 87' lang='lat' dir='ltr'>aBoeotia”,</span> <span class='ocrx_word' id='word_1_13' title='bbox 454 684 567 752; x_wconf 81' lang='lat' dir='ltr'>Valles</span> <span class='ocrx_word' id='word_1_14' title='bbox 590 685 814 770; x_wconf 78' lang='lat' dir='ltr'>interpretatio</span> <span class='ocrx_word' id='word_1_15' title='bbox 835 686 948 770; x_wconf 89' lang='lat' dir='ltr'>quanti</span> <span class='ocrx_word' id='word_1_16' title='bbox 964 686 1006 753; x_wconf 90' lang='lat' dir='ltr'>sit</span> <span class='ocrx_word' id='word_1_17' title='bbox 1022 682 1246 770; x_wconf 88' lang='lat' dir='ltr'>aestimanda,</span> <span class='ocrx_word' id='word_1_18' title='bbox 1262 681 1416 767; x_wconf 84' lang='lat' dir='ltr'>pluribus</span> 
     </span>
     <span class='ocr_line' id='line_1_4' title="bbox 135 801 1417 890; baseline -0.001 -20"><span class='ocrx_word' id='word_1_19' title='bbox 135 805 169 870; x_wconf 93' lang='lat' dir='ltr'>in</span> <span class='ocrx_word' id='word_1_20' title='bbox 191 803 290 871; x_wconf 82' lang='lat' dir='ltr'>rebus</span> <span class='ocrx_word' id='word_1_21' title='bbox 313 810 461 890; x_wconf 78' lang='lat' dir='ltr'>apparet.</span> <span class='ocrx_word' id='word_1_22' title='bbox 507 804 614 872; x_wconf 90' lang='lat' dir='ltr'>Primo</span> <span class='ocrx_word' id='word_1_23' title='bbox 637 804 716 890; x_wconf 75' lang='lat' dir='ltr'>legit</span> <span class='ocrx_word' id='word_1_24' title='bbox 738 807 944 886; x_wconf 75' lang='grc' dir='ltr'><strong><em>παραπλήσιον</em></strong></span> <span class='ocrx_word' id='word_1_25' title='bbox 967 805 995 870; x_wconf 77' lang='grc' dir='ltr'>δὲ</span> <span class='ocrx_word' id='word_1_26' title='bbox 1022 806 1040 882; x_wconf 73' lang='grc' dir='ltr'>ἢ</span> <span class='ocrx_word' id='word_1_27' title='bbox 1063 808 1094 871; x_wconf 81' lang='grc' dir='ltr'>οὐ</span> <span class='ocrx_word' id='word_1_28' title='bbox 1118 806 1219 884; x_wconf 76' lang='grc' dir='ltr'><strong><em>πολλῷ</em></strong></span> <span class='ocrx_word' id='word_1_29' title='bbox 1242 801 1352 881; x_wconf 76' lang='grc' dir='ltr'><strong><em>πλέον,</em></strong></span> <span class='ocrx_word' id='word_1_30' title='bbox 1377 807 1417 869; x_wconf 86' lang='lat' dir='ltr'>ut</span> 
     </span>
     <span class='ocr_line' id='line_1_5' title="bbox 131 919 1416 1011; baseline -0.002 -21"><span class='ocrx_word' id='word_1_31' title='bbox 131 924 200 1010; x_wconf 88' lang='lat' dir='ltr'>jam</span> <span class='ocrx_word' id='word_1_32' title='bbox 231 923 381 992; x_wconf 86' lang='lat' dir='ltr'>Reiskins</span> <span class='ocrx_word' id='word_1_33' title='bbox 408 923 449 991; x_wconf 88' lang='lat' dir='ltr'>de</span> <span class='ocrx_word' id='word_1_34' title='bbox 474 925 660 1011; x_wconf 76' lang='lat' dir='ltr'>conjectura</span> <span class='ocrx_word' id='word_1_35' title='bbox 683 929 734 990; x_wconf 87' lang='lat' dir='ltr'>est</span> <span class='ocrx_word' id='word_1_36' title='bbox 758 929 934 992; x_wconf 83' lang='lat' dir='ltr'>essecutus.</span> <span class='ocrx_word' id='word_1_37' title='bbox 982 922 1103 990; x_wconf 88' lang='lat' dir='ltr'>Deinde</span> <span class='ocrx_word' id='word_1_38' title='bbox 1126 920 1247 989; x_wconf 89' lang='lat' dir='ltr'>omittit</span> <span class='ocrx_word' id='word_1_39' title='bbox 1270 919 1416 987; x_wconf 83' lang='lat' dir='ltr'>altorum</span> 
     </span>
     <span class='ocr_line' id='line_1_6' title="bbox 134 1032 1416 1135; baseline -0.002 -25"><span class='ocrx_word' id='word_1_40' title='bbox 134 1045 185 1110; x_wconf 86' lang='grc' dir='ltr'>καί</span> <span class='ocrx_word' id='word_1_41' title='bbox 208 1049 284 1112; x_wconf 84' lang='lat' dir='ltr'>ante</span> <span class='ocrx_word' id='word_1_42' title='bbox 308 1045 374 1124; x_wconf 72' lang='grc' dir='ltr'><strong><em>ἐπί,</em></strong></span> <span class='ocrx_word' id='word_1_43' title='bbox 398 1045 484 1129; x_wconf 91' lang='lat' dir='ltr'>qnod</span> <span class='ocrx_word' id='word_1_44' title='bbox 507 1042 741 1111; x_wconf 81' lang='lat' dir='ltr'>Herwerdenue</span> <span class='ocrx_word' id='word_1_45' title='bbox 765 1043 848 1109; x_wconf 85' lang='lat' dir='ltr'>male</span> <span class='ocrx_word' id='word_1_46' title='bbox 872 1041 1038 1108; x_wconf 90' lang='lat' dir='ltr'>abundare</span> <span class='ocrx_word' id='word_1_47' title='bbox 1059 1032 1161 1108; x_wconf 88' lang='lat' dir='ltr'>docet.</span> <span class='ocrx_word' id='word_1_48' title='bbox 1185 1041 1334 1135; x_wconf 86' lang='lat' dir='ltr'>Denique</span> <span class='ocrx_word' id='word_1_49' title='bbox 1352 1060 1416 1126; x_wconf 89' lang='lat' dir='ltr'>pro</span> 
     </span>
     <span class='ocr_line' id='line_1_7' title="bbox 136 1161 1416 1248; baseline -0.002 -19"><span class='ocrx_word' id='word_1_50' title='bbox 136 1162 260 1230; x_wconf 91' lang='lat' dir='ltr'>insulso</span> <span class='ocrx_word' id='word_1_51' title='bbox 290 1163 339 1229; x_wconf 79' lang='grc' dir='ltr'>ἐπί</span> <span class='ocrx_word' id='word_1_52' title='bbox 371 1163 472 1231; x_wconf 89' lang='lat' dir='ltr'>tradit</span> <span class='ocrx_word' id='word_1_53' title='bbox 501 1161 580 1248; x_wconf 85' lang='grc' dir='ltr'><strong><em>οίπί,</em></strong></span> <span class='ocrx_word' id='word_1_54' title='bbox 613 1168 649 1229; x_wconf 90' lang='lat' dir='ltr'>nt</span> <span class='ocrx_word' id='word_1_55' title='bbox 678 1162 773 1229; x_wconf 91' lang='lat' dir='ltr'>lectio</span> <span class='ocrx_word' id='word_1_56' title='bbox 805 1162 867 1229; x_wconf 91' lang='lat' dir='ltr'>hoc</span> <span class='ocrx_word' id='word_1_57' title='bbox 890 1163 984 1229; x_wconf 92' lang='lat' dir='ltr'>modo</span> <span class='ocrx_word' id='word_1_58' title='bbox 1009 1161 1050 1229; x_wconf 88' lang='lat' dir='ltr'>sit</span> <span class='ocrx_word' id='word_1_59' title='bbox 1072 1161 1288 1229; x_wconf 87' lang='lat' dir='ltr'>restituenda:</span> <span class='ocrx_word' id='word_1_60' title='bbox 1314 1186 1416 1244; x_wconf 81' lang='grc' dir='ltr'><strong><em>παρα·</em></strong></span> 
     </span>
     <span class='ocr_line' id='line_1_8' title="bbox 135 1278 1452 1369; baseline 0.002 -24"><span class='ocrx_word' id='word_1_61' title='bbox 135 1281 256 1356; x_wconf 76' lang='grc' dir='ltr'><strong><em>πλήσιον</em></strong></span> <span class='ocrx_word' id='word_1_62' title='bbox 278 1281 301 1346; x_wconf 69' lang='grc' dir='ltr'>δ’</span> <span class='ocrx_word' id='word_1_63' title='bbox 325 1281 343 1357; x_wconf 72' lang='grc' dir='ltr'>ἢ</span> <span class='ocrx_word' id='word_1_64' title='bbox 366 1283 398 1347; x_wconf 76' lang='grc' dir='ltr'>οὐ</span> <span class='ocrx_word' id='word_1_65' title='bbox 424 1281 525 1363; x_wconf 75' lang='grc' dir='ltr'><strong><em>πολλῷ</em></strong></span> <span class='ocrx_word' id='word_1_66' title='bbox 549 1278 636 1345; x_wconf 77' lang='grc' dir='ltr'><strong><em>πλέον</em></strong></span> <span class='ocrx_word' id='word_1_67' title='bbox 660 1280 721 1345; x_wconf 80' lang='grc' dir='ltr'><strong><em>οίπὸ</em></strong></span> <span class='ocrx_word' id='word_1_68' title='bbox 743 1289 797 1355; x_wconf 75' lang='grc' dir='ltr'>πῆς</span> <span class='ocrx_word' id='word_1_69' title='bbox 821 1281 966 1354; x_wconf 82' lang='grc' dir='ltr'><strong><em>Βοιωτίας.</em></strong></span> <span class='ocrx_word' id='word_1_70' title='bbox 1450 1365 1452 1369; x_wconf 20' lang='lat'><em>⁴</em></span> 
     </span>
    </p>

    <p class='ocr_par' dir='ltr' id='par_1_3' title="bbox 135 1396 1417 1842">
     <span class='ocr_line' id='line_1_9' title="bbox 180 1396 1416 1490; baseline -0.001 -24"><span class='ocrx_word' id='word_1_71' title='bbox 180 1397 204 1490; x_wconf 64' lang='grc' dir='ltr'>ξ</span> <span class='ocrx_word' id='word_1_72' title='bbox 228 1401 257 1468; x_wconf 85' lang='grc'>3.</span> <span class='ocrx_word' id='word_1_73' title='bbox 280 1400 371 1487; x_wconf 83' lang='lat' dir='ltr'>Vulg.</span> <span class='ocrx_word' id='word_1_74' title='bbox 395 1398 560 1476; x_wconf 68' lang='grc' dir='ltr'>ἑξακοσίους</span> <span class='ocrx_word' id='word_1_75' title='bbox 584 1399 709 1472; x_wconf 81' lang='grc' dir='ltr'><strong><em>ίπλίπας</em></strong></span> <span class='ocrx_word' id='word_1_76' title='bbox 734 1404 770 1466; x_wconf 89' lang='lat' dir='ltr'>nt</span> <span class='ocrx_word' id='word_1_77' title='bbox 794 1399 906 1466; x_wconf 85' lang='lat' dir='ltr'>Valla:</span> <span class='ocrx_word' id='word_1_78' title='bbox 934 1420 1086 1483; x_wconf 81' lang='lat' dir='ltr'>„numero</span> <span class='ocrx_word' id='word_1_79' title='bbox 1109 1396 1307 1468; x_wconf 85' lang='lat' dir='ltr'>sexoontos’&#39;.</span> <span class='ocrx_word' id='word_1_80' title='bbox 1334 1411 1359 1466; x_wconf 87' lang='lat' dir='ltr'><strong>B</strong></span> <span class='ocrx_word' id='word_1_81' title='bbox 1386 1401 1416 1474; x_wconf 78' lang='grc' dir='ltr'>ἐς</span> 
     </span>
     <span class='ocr_line' id='line_1_10' title="bbox 135 1516 1413 1605; baseline 0 -21"><span class='ocrx_word' id='word_1_82' title='bbox 135 1517 299 1595; x_wconf 71' lang='grc' dir='ltr'><strong><em>ἑξακοσίους</em></strong></span> <span class='ocrx_word' id='word_1_83' title='bbox 322 1519 345 1585; x_wconf 83' lang='grc' dir='ltr'>ί.</span> <span class='ocrx_word' id='word_1_84' title='bbox 381 1518 463 1598; x_wconf 85' lang='lat' dir='ltr'>Quid</span> <span class='ocrx_word' id='word_1_85' title='bbox 494 1518 663 1605; x_wconf 86' lang='lat' dir='ltr'>legendum</span> <span class='ocrx_word' id='word_1_86' title='bbox 687 1518 747 1604; x_wconf 90' lang='lat' dir='ltr'>sit,</span> <span class='ocrx_word' id='word_1_87' title='bbox 778 1518 946 1586; x_wconf 88' lang='lat' dir='ltr'>nescimus.</span> <span class='ocrx_word' id='word_1_88' title='bbox 981 1517 1092 1604; x_wconf 91' lang='lat' dir='ltr'>Poppo</span> <span class='ocrx_word' id='word_1_89' title='bbox 1121 1521 1273 1584; x_wconf 86' lang='lat' dir='ltr'>annotat:</span> <span class='ocrx_word' id='word_1_90' title='bbox 1313 1516 1413 1598; x_wconf 80' lang='lat' dir='ltr'>„Vat</span> 
     </span>
     <span class='ocr_line' id='line_1_11' title="bbox 135 1636 1417 1726; baseline 0 -21"><span class='ocrx_word' id='word_1_91' title='bbox 135 1641 165 1713; x_wconf 84' lang='grc' dir='ltr'>ἕς</span> <span class='ocrx_word' id='word_1_92' title='bbox 187 1638 371 1726; x_wconf 77' lang='grc' dir='ltr'><strong><em>ἑξακοσίους,</em></strong></span> <span class='ocrx_word' id='word_1_93' title='bbox 396 1639 453 1706; x_wconf 91' lang='lat' dir='ltr'>sed</span> <span class='ocrx_word' id='word_1_94' title='bbox 476 1641 506 1713; x_wconf 80' lang='grc' dir='ltr'>ἐς</span> <span class='ocrx_word' id='word_1_95' title='bbox 526 1645 604 1707; x_wconf 87' lang='lat' dir='ltr'>ante</span> <span class='ocrx_word' id='word_1_96' title='bbox 627 1637 669 1715; x_wconf 75' lang='grc' dir='ltr'>ἐξ.</span> <span class='ocrx_word' id='word_1_97' title='bbox 692 1640 725 1706; x_wconf 91' lang='lat' dir='ltr'>in</span> <span class='ocrx_word' id='word_1_98' title='bbox 748 1660 812 1707; x_wconf 93' lang='lat' dir='ltr'>nno</span> <span class='ocrx_word' id='word_1_99' title='bbox 835 1638 918 1706; x_wconf 90' lang='lat' dir='ltr'>libro</span> <span class='ocrx_word' id='word_1_100' title='bbox 942 1637 1030 1705; x_wconf 86' lang='lat' dir='ltr'>facili</span> <span class='ocrx_word' id='word_1_101' title='bbox 1052 1659 1161 1706; x_wconf 89' lang='lat' dir='ltr'>errore</span> <span class='ocrx_word' id='word_1_102' title='bbox 1184 1636 1309 1704; x_wconf 90' lang='lat' dir='ltr'>librarii</span> <span class='ocrx_word' id='word_1_103' title='bbox 1333 1639 1417 1705; x_wconf 85' lang='lat' dir='ltr'>oriri</span> 
     </span>
     <span class='ocr_line' id='line_1_12' title="bbox 135 1755 268 1842; baseline -0.008 -18"><span class='ocrx_word' id='word_1_104' title='bbox 135 1755 268 1842; x_wconf 88' lang='lat' dir='ltr'>potuit’&#39;.</span> 
     </span>
    </p>

    <p class='ocr_par' dir='ltr' id='par_1_4' title="bbox 181 1873 1382 1967">
     <span class='ocr_line' id='line_1_13' title="bbox 181 1873 1382 1967; baseline 0.002 -26"><span class='ocrx_word' id='word_1_105' title='bbox 181 1874 258 1967; x_wconf 64' lang='lat'>§4</span> <span class='ocrx_word' id='word_1_106' title='bbox 282 1875 375 1962; x_wconf 82' lang='lat' dir='ltr'>Vulg.</span> <span class='ocrx_word' id='word_1_107' title='bbox 397 1873 437 1951; x_wconf 75' lang='grc' dir='ltr'>ἐξ</span> <span class='ocrx_word' id='word_1_108' title='bbox 460 1877 551 1951; x_wconf 75' lang='grc' dir='ltr'><strong><em>αὐτῆς</em></strong></span> <span class='ocrx_word' id='word_1_109' title='bbox 581 1876 707 1957; x_wconf 88' lang='grc' dir='ltr'><strong><em>Κορίνίον</em></strong></span> <span class='ocrx_word' id='word_1_110' title='bbox 730 1888 751 1943; x_wconf 89' lang='grc' dir='ltr'>Β</span> <span class='ocrx_word' id='word_1_111' title='bbox 775 1879 844 1942; x_wconf 73' lang='grc' dir='ltr'>ἀπ’.</span> <span class='ocrx_word' id='word_1_112' title='bbox 879 1876 989 1944; x_wconf 86' lang='lat' dir='ltr'>Valla:</span> <span class='ocrx_word' id='word_1_113' title='bbox 1017 1898 1076 1959; x_wconf 87' lang='lat' dir='ltr'>„ex</span> <span class='ocrx_word' id='word_1_114' title='bbox 1098 1876 1172 1963; x_wconf 81' lang='lat' dir='ltr'>ipsa</span> <span class='ocrx_word' id='word_1_115' title='bbox 1195 1874 1382 1944; x_wconf 84' lang='lat' dir='ltr'>Corinth0”.</span> 
     </span>
    </p>

    <p class='ocr_par' dir='ltr' id='par_1_5' title="bbox 135 1992 1434 2437">
     <span class='ocr_line' id='line_1_14' title="bbox 182 1992 1415 2086; baseline 0 -25"><span class='ocrx_word' id='word_1_116' title='bbox 182 1993 259 2086; x_wconf 61' lang='lat' dir='ltr'>§d</span> <span class='ocrx_word' id='word_1_117' title='bbox 275 1995 376 2081; x_wconf 64' lang='lat' dir='ltr'>vulg.</span> <span class='ocrx_word' id='word_1_118' title='bbox 399 1994 508 2076; x_wconf 79' lang='grc' dir='ltr'><strong><em>ἕωσπερ</em></strong></span> <span class='ocrx_word' id='word_1_119' title='bbox 535 1992 631 2061; x_wconf 78' lang='grc' dir='ltr'><strong><em>οὗτοι</em></strong></span> <span class='ocrx_word' id='word_1_120' title='bbox 663 1996 688 2061; x_wconf 82' lang='grc' dir='ltr'>οἱ</span> <span class='ocrx_word' id='word_1_121' title='bbox 711 1996 831 2062; x_wconf 77' lang='grc' dir='ltr'><strong><em>ὁπλίσαι</em></strong></span> <span class='ocrx_word' id='word_1_122' title='bbox 854 2005 920 2070; x_wconf 81' lang='grc' dir='ltr'><strong><em>παῖς</em></strong></span> <span class='ocrx_word' id='word_1_123' title='bbox 945 1996 1064 2063; x_wconf 80' lang='grc' dir='ltr'><strong><em>ὅλκοίσιν</em></strong></span> <span class='ocrx_word' id='word_1_124' title='bbox 1094 1997 1153 2064; x_wconf 67' lang='lat' dir='ltr'>aad</span> <span class='ocrx_word' id='word_1_125' title='bbox 1180 2005 1233 2072; x_wconf 78' lang='grc' dir='ltr'>πῆς</span> <span class='ocrx_word' id='word_1_126' title='bbox 1261 2006 1415 2061; x_wconf 86' lang='grc' dir='ltr'><strong><em>Πελοπον-</em></strong></span> 
     </span>
     <span class='ocr_line' id='line_1_15' title="bbox 137 2110 1434 2198; baseline 0.003 -19"><span class='ocrx_word' id='word_1_127' title='bbox 137 2114 221 2189; x_wconf 74' lang='grc' dir='ltr'><strong><em>νήσου</em></strong></span> <span class='ocrx_word' id='word_1_128' title='bbox 246 2114 361 2192; x_wconf 78' lang='grc' dir='ltr'><strong><em>οίπῆραν</em></strong></span> <span class='ocrx_word' id='word_1_129' title='bbox 384 2124 416 2182; x_wconf 84' lang='grc' dir='ltr'>Β,</span> <span class='ocrx_word' id='word_1_130' title='bbox 430 2116 557 2198; x_wconf 75' lang='grc' dir='ltr'><strong><em>αὐτοῖς</em></strong></span> <span class='ocrx_word' id='word_1_131' title='bbox 580 2110 694 2180; x_wconf 80' lang='grc' dir='ltr'><strong><em>οὗτοι.</em></strong></span> <span class='ocrx_word' id='word_1_132' title='bbox 729 2115 858 2182; x_wconf 83' lang='lat' dir='ltr'>Incerta</span> <span class='ocrx_word' id='word_1_133' title='bbox 880 2120 929 2183; x_wconf 83' lang='lat' dir='ltr'>est</span> <span class='ocrx_word' id='word_1_134' title='bbox 950 2116 1053 2183; x_wconf 83' lang='lat' dir='ltr'>lentio.</span> <span class='ocrx_word' id='word_1_135' title='bbox 1089 2114 1200 2182; x_wconf 83' lang='lat' dir='ltr'>Valla:</span> <span class='ocrx_word' id='word_1_136' title='bbox 1227 2114 1325 2195; x_wconf 82' lang='lat' dir='ltr'>„dum</span> <span class='ocrx_word' id='word_1_137' title='bbox 1353 2114 1434 2192; x_wconf 69' lang='lat' dir='ltr'>illa,</span> 
     </span>
     <span class='ocr_line' id='line_1_16' title="bbox 137 2229 1413 2318; baseline 0.002 -20"><span class='ocrx_word' id='word_1_138' title='bbox 137 2253 220 2317; x_wconf 90' lang='lat' dir='ltr'>qnae</span> <span class='ocrx_word' id='word_1_139' title='bbox 253 2234 395 2297; x_wconf 87' lang='lat' dir='ltr'>armatos</span> <span class='ocrx_word' id='word_1_140' title='bbox 418 2251 435 2295; x_wconf 91' lang='lat' dir='ltr'>e</span> <span class='ocrx_word' id='word_1_141' title='bbox 458 2229 680 2316; x_wconf 87' lang='lat' dir='ltr'>Peloponneso</span> <span class='ocrx_word' id='word_1_142' title='bbox 703 2232 878 2318; x_wconf 88' lang='lat' dir='ltr'>portabant</span> <span class='ocrx_word' id='word_1_143' title='bbox 901 2233 1068 2300; x_wconf 86' lang='lat' dir='ltr'>onerariae</span> <span class='ocrx_word' id='word_1_144' title='bbox 1088 2234 1156 2318; x_wconf 86' lang='lat' dir='ltr'>jam</span> <span class='ocrx_word' id='word_1_145' title='bbox 1180 2232 1413 2301; x_wconf 87' lang='lat' dir='ltr'>transissent”.</span> 
     </span>
     <span class='ocr_line' id='line_1_17' title="bbox 135 2349 1410 2437; baseline 0.003 -20"><span class='ocrx_word' id='word_1_146' title='bbox 135 2352 174 2417; x_wconf 94' lang='lat' dir='ltr'>In</span> <span class='ocrx_word' id='word_1_147' title='bbox 204 2349 306 2416; x_wconf 89' lang='lat' dir='ltr'>latino</span> <span class='ocrx_word' id='word_1_148' title='bbox 338 2352 446 2414; x_wconf 88' lang='lat' dir='ltr'>autem</span> <span class='ocrx_word' id='word_1_149' title='bbox 478 2368 624 2416; x_wconf 88' lang='lat' dir='ltr'>sermone</span> <span class='ocrx_word' id='word_1_150' title='bbox 656 2350 708 2416; x_wconf 83' lang='lat' dir='ltr'>vix</span> <span class='ocrx_word' id='word_1_151' title='bbox 738 2351 827 2418; x_wconf 89' lang='lat' dir='ltr'>locus</span> <span class='ocrx_word' id='word_1_152' title='bbox 858 2357 909 2418; x_wconf 91' lang='lat' dir='ltr'>est</span> <span class='ocrx_word' id='word_1_153' title='bbox 940 2350 1009 2418; x_wconf 84' lang='lat' dir='ltr'>voci</span> <span class='ocrx_word' id='word_1_154' title='bbox 1033 2354 1149 2431; x_wconf 80' lang='grc' dir='ltr'><strong><em>αὐτοῖς,</em></strong></span> <span class='ocrx_word' id='word_1_155' title='bbox 1180 2371 1284 2435; x_wconf 90' lang='lat' dir='ltr'>neque</span> <span class='ocrx_word' id='word_1_156' title='bbox 1306 2352 1410 2437; x_wconf 89' lang='lat' dir='ltr'>paulo</span> 
     </span>
    </p>
   </div>
   <div class='ocr_carea' id='block_1_3' title="bbox 44 2467 1412 2670">
    <p class='ocr_par' dir='ltr' id='par_1_6' title="bbox 44 2467 1412 2670">
     <span class='ocr_line' id='line_1_18' title="bbox 44 2467 1412 2557; baseline 0.001 -21"><span class='ocrx_word' id='word_1_157' title='bbox 44 2542 47 2547; x_wconf 63' lang='grc'>,</span> <span class='ocrx_word' id='word_1_158' title='bbox 134 2469 220 2537; x_wconf 81' lang='lat' dir='ltr'>infra</span> <span class='ocrx_word' id='word_1_159' title='bbox 250 2467 404 2536; x_wconf 85' lang='lat' dir='ltr'>eVallae</span> <span class='ocrx_word' id='word_1_160' title='bbox 426 2467 712 2553; x_wconf 90' lang='lat' dir='ltr'>interpretamento</span> <span class='ocrx_word' id='word_1_161' title='bbox 737 2467 865 2557; x_wconf 83' lang='lat' dir='ltr'>„prius”</span> <span class='ocrx_word' id='word_1_162' title='bbox 890 2470 1038 2555; x_wconf 82' lang='lat' dir='ltr'>cognosci</span> <span class='ocrx_word' id='word_1_163' title='bbox 1060 2475 1168 2556; x_wconf 89' lang='lat' dir='ltr'>potest</span> <span class='ocrx_word' id='word_1_164' title='bbox 1191 2469 1350 2538; x_wconf 85' lang='lat' dir='ltr'>videritne</span> <span class='ocrx_word' id='word_1_165' title='bbox 1375 2473 1412 2538; x_wconf 82' lang='grc' dir='ltr'>πί</span> 
     </span>
     <span class='ocr_line' id='line_1_19' title="bbox 136 2586 532 2670; baseline -0.005 -16"><span class='ocrx_word' id='word_1_166' title='bbox 136 2589 267 2670; x_wconf 80' lang='grc' dir='ltr'><strong><em>πρίπερον</em></strong></span> <span class='ocrx_word' id='word_1_167' title='bbox 290 2608 333 2655; x_wconf 84' lang='lat' dir='ltr'>an</span> <span class='ocrx_word' id='word_1_168' title='bbox 356 2586 532 2667; x_wconf 75' lang='grc' dir='ltr'><strong><em>τὸπρῶτον.</em></strong></span> 
     </span>
    </p>
   </div>
   <div class='ocr_carea' id='block_1_4' title="bbox 180 2822 1450 3032">
    <p class='ocr_par' dir='ltr' id='par_1_7' title="bbox 180 2822 1450 3032">
     <span class='ocr_line' id='line_1_20' title="bbox 181 2822 1450 2915; baseline -0.001 -22"><span class='ocrx_word' id='word_1_169' title='bbox 181 2826 287 2911; x_wconf 82' lang='lat' dir='ltr'>Caput</span> <span class='ocrx_word' id='word_1_170' title='bbox 310 2826 354 2892; x_wconf 82' lang='lat'>20</span> <span class='ocrx_word' id='word_1_171' title='bbox 377 2822 401 2915; x_wconf 64' lang='grc' dir='ltr'>ξ</span> <span class='ocrx_word' id='word_1_172' title='bbox 426 2826 454 2890; x_wconf 93' lang='grc'>1.</span> <span class='ocrx_word' id='word_1_173' title='bbox 478 2824 572 2910; x_wconf 82' lang='lat' dir='ltr'>Vulg.</span> <span class='ocrx_word' id='word_1_174' title='bbox 598 2824 767 2897; x_wconf 82' lang='grc' dir='ltr'><strong><em>Δεκελείας.</em></strong></span> <span class='ocrx_word' id='word_1_175' title='bbox 802 2835 824 2889; x_wconf 88' lang='grc' dir='ltr'><strong>Β</strong></span> <span class='ocrx_word' id='word_1_176' title='bbox 853 2833 906 2900; x_wconf 76' lang='grc' dir='ltr'>πῆς</span> <span class='ocrx_word' id='word_1_177' title='bbox 931 2838 968 2892; x_wconf 91' lang='grc' dir='ltr'>Δ.</span> <span class='ocrx_word' id='word_1_178' title='bbox 1266 2893 1268 2898; x_wconf 80' lang='grc'><strong>,</strong></span> <span class='ocrx_word' id='word_1_179' title='bbox 1447 2900 1450 2909; x_wconf 52' lang='grc'>,</span> 
     </span>
     <span class='ocr_line' id='line_1_21' title="bbox 180 2943 1414 3032; baseline 0.005 -21"><span class='ocrx_word' id='word_1_180' title='bbox 180 2944 265 3012; x_wconf 90' lang='lat' dir='ltr'>Ibid.</span> <span class='ocrx_word' id='word_1_181' title='bbox 289 2943 381 3031; x_wconf 83' lang='lat' dir='ltr'>Vulg.</span> <span class='ocrx_word' id='word_1_182' title='bbox 405 2943 468 3025; x_wconf 81' lang='grc' dir='ltr'><strong><em>περί</em></strong></span> <span class='ocrx_word' id='word_1_183' title='bbox 492 2944 715 3020; x_wconf 81' lang='grc' dir='ltr'><strong><em>Πελοπίνννσον.</em></strong></span> <span class='ocrx_word' id='word_1_184' title='bbox 740 2956 761 3011; x_wconf 89' lang='grc' dir='ltr'>Β</span> <span class='ocrx_word' id='word_1_185' title='bbox 787 2944 852 3027; x_wconf 82' lang='grc' dir='ltr'><strong><em>περί</em></strong></span> <span class='ocrx_word' id='word_1_186' title='bbox 874 2970 907 3010; x_wconf 80' lang='grc' dir='ltr'>σε</span> <span class='ocrx_word' id='word_1_187' title='bbox 931 2955 969 3010; x_wconf 88' lang='grc' dir='ltr'>Π.</span> <span class='ocrx_word' id='word_1_188' title='bbox 995 2944 1089 3012; x_wconf 83' lang='lat' dir='ltr'>Valla</span> <span class='ocrx_word' id='word_1_189' title='bbox 1112 2946 1231 3013; x_wconf 80' lang='lat' dir='ltr'>omittit</span> <span class='ocrx_word' id='word_1_190' title='bbox 1246 2947 1414 3032; x_wconf 81' lang='lat' dir='ltr'>copulam.</span> 
     </span>
    </p>
   </div>
   <div class='ocr_carea' id='block_1_5' title="bbox 134 3179 1437 4470">
    <p class='ocr_par' dir='ltr' id='par_1_8' title="bbox 134 3179 1437 4344">
     <span class='ocr_line' id='line_1_22' title="bbox 182 3179 1416 3272; baseline 0.002 -21"><span class='ocrx_word' id='word_1_191' title='bbox 182 3184 289 3268; x_wconf 77' lang='lat' dir='ltr'>Caput</span> <span class='ocrx_word' id='word_1_192' title='bbox 312 3184 353 3249; x_wconf 79' lang='lat'>21</span> <span class='ocrx_word' id='word_1_193' title='bbox 386 3179 465 3272; x_wconf 66' lang='grc' dir='ltr'>ξ3.</span> <span class='ocrx_word' id='word_1_194' title='bbox 488 3180 581 3267; x_wconf 77' lang='lat' dir='ltr'>vulg.</span> <span class='ocrx_word' id='word_1_195' title='bbox 613 3182 709 3259; x_wconf 73' lang='grc' dir='ltr'><strong><em>λίνων</em></strong></span> <span class='ocrx_word' id='word_1_196' title='bbox 739 3183 795 3248; x_wconf 77' lang='grc' dir='ltr'><strong><em>οὐδ’</em></strong></span> <span class='ocrx_word' id='word_1_197' title='bbox 817 3182 936 3254; x_wconf 75' lang='grc' dir='ltr'><strong><em>ἐκείνους</em></strong></span> <span class='ocrx_word' id='word_1_198' title='bbox 960 3182 1079 3261; x_wconf 85' lang='grc' dir='ltr'><strong><em>ποίπριον</em></strong></span> <span class='ocrx_word' id='word_1_199' title='bbox 1101 3184 1154 3258; x_wconf 70' lang='grc' dir='ltr'><strong><em>πίον</em></strong></span> <span class='ocrx_word' id='word_1_200' title='bbox 1176 3183 1328 3264; x_wconf 77' lang='grc' dir='ltr'><strong><em>ἐμπειρίαν</em></strong></span> <span class='ocrx_word' id='word_1_201' title='bbox 1354 3187 1416 3253; x_wconf 71' lang='grc' dir='ltr'>οὐδ’</span> 
     </span>
     <span class='ocr_line' id='line_1_23' title="bbox 137 3298 1415 3385; baseline 0.001 -17"><span class='ocrx_word' id='word_1_202' title='bbox 137 3303 225 3368; x_wconf 72' lang='grc' dir='ltr'><strong><em>ἀίδιον</em></strong></span> <span class='ocrx_word' id='word_1_203' title='bbox 247 3309 300 3376; x_wconf 77' lang='grc' dir='ltr'>πῆς</span> <span class='ocrx_word' id='word_1_204' title='bbox 323 3303 475 3375; x_wconf 80' lang='grc' dir='ltr'><strong><em>ίαλασσνς</em></strong></span> <span class='ocrx_word' id='word_1_205' title='bbox 498 3298 594 3385; x_wconf 78' lang='grc' dir='ltr'><strong><em>ἔχειν,</em></strong></span> <span class='ocrx_word' id='word_1_206' title='bbox 618 3301 700 3365; x_wconf 78' lang='grc' dir='ltr'><strong><em>αλλ’</em></strong></span> <span class='ocrx_word' id='word_1_207' title='bbox 723 3298 882 3380; x_wconf 72' lang='grc' dir='ltr'><strong><em>ἠπειρώτας</em></strong></span> <span class='ocrx_word' id='word_1_208' title='bbox 903 3304 1021 3377; x_wconf 79' lang='grc' dir='ltr'><strong><em>μῖιλλον</em></strong></span> <span class='ocrx_word' id='word_1_209' title='bbox 1044 3307 1100 3366; x_wconf 81' lang='grc' dir='ltr'>τῶν</span> <span class='ocrx_word' id='word_1_210' title='bbox 1124 3303 1305 3381; x_wconf 82' lang='grc' dir='ltr'><strong><em>Συρακοσίων</em></strong></span> <span class='ocrx_word' id='word_1_211' title='bbox 1322 3300 1415 3378; x_wconf 79' lang='grc' dir='ltr'><strong><em>ὄντας</em></strong></span> 
     </span>
     <span class='ocr_line' id='line_1_24' title="bbox 138 3417 1417 3501; baseline 0.002 -14"><span class='ocrx_word' id='word_1_212' title='bbox 138 3422 186 3488; x_wconf 81' lang='grc' dir='ltr'>καί</span> <span class='ocrx_word' id='word_1_213' title='bbox 218 3418 461 3498; x_wconf 73' lang='grc' dir='ltr'><strong><em>αναγκασίίνπας</em></strong></span> <span class='ocrx_word' id='word_1_214' title='bbox 492 3417 547 3484; x_wconf 75' lang='grc' dir='ltr'>ὑπὸ</span> <span class='ocrx_word' id='word_1_215' title='bbox 577 3418 685 3492; x_wconf 70' lang='grc' dir='ltr'><strong><em>Μήδιον</em></strong></span> <span class='ocrx_word' id='word_1_216' title='bbox 708 3420 857 3492; x_wconf 78' lang='grc' dir='ltr'><strong><em>ναυτικοὺς</em></strong></span> <span class='ocrx_word' id='word_1_217' title='bbox 881 3420 1023 3498; x_wconf 68' lang='grc' dir='ltr'><strong><em>γενέσθαι.</em></strong></span> <span class='ocrx_word' id='word_1_218' title='bbox 1057 3418 1168 3487; x_wconf 78' lang='lat' dir='ltr'>Valla:</span> <span class='ocrx_word' id='word_1_219' title='bbox 1196 3420 1284 3501; x_wconf 82' lang='lat' dir='ltr'>„sod</span> <span class='ocrx_word' id='word_1_220' title='bbox 1309 3423 1417 3490; x_wconf 83' lang='lat' dir='ltr'>medi·</span> 
     </span>
     <span class='ocr_line' id='line_1_25' title="bbox 138 3535 1437 3623; baseline 0.002 -14"><span class='ocrx_word' id='word_1_221' title='bbox 138 3549 303 3609; x_wconf 80' lang='lat' dir='ltr'>terraneos</span> <span class='ocrx_word' id='word_1_222' title='bbox 327 3559 398 3605; x_wconf 90' lang='lat' dir='ltr'>esse</span> <span class='ocrx_word' id='word_1_223' title='bbox 420 3536 524 3622; x_wconf 85' lang='lat' dir='ltr'>magis</span> <span class='ocrx_word' id='word_1_224' title='bbox 548 3556 646 3621; x_wconf 86' lang='lat' dir='ltr'>quam</span> <span class='ocrx_word' id='word_1_225' title='bbox 669 3535 886 3623; x_wconf 82' lang='lat' dir='ltr'>Syracusanos</span> <span class='ocrx_word' id='word_1_226' title='bbox 911 3536 1009 3623; x_wconf 89' lang='lat' dir='ltr'>sqq.”.</span> <span class='ocrx_word' id='word_1_227' title='bbox 1040 3550 1062 3604; x_wconf 86' lang='grc' dir='ltr'><strong>Β</strong></span> <span class='ocrx_word' id='word_1_228' title='bbox 1087 3538 1206 3607; x_wconf 90' lang='lat' dir='ltr'>omittit</span> <span class='ocrx_word' id='word_1_229' title='bbox 1227 3543 1307 3606; x_wconf 74' lang='grc' dir='ltr'><strong><em>ἀλλ’.</em></strong></span> <span class='ocrx_word' id='word_1_230' title='bbox 1337 3541 1415 3611; x_wconf 91' lang='lat' dir='ltr'>Non</span> <span class='ocrx_word' id='word_1_231' title='bbox 1434 3570 1437 3574; x_wconf 88' lang='lat'>·</span> 
     </span>
     <span class='ocr_line' id='line_1_26' title="bbox 138 3655 1416 3744; baseline 0 -15"><span class='ocrx_word' id='word_1_232' title='bbox 138 3666 232 3729; x_wconf 89' lang='lat' dir='ltr'>tanta</span> <span class='ocrx_word' id='word_1_233' title='bbox 255 3680 328 3726; x_wconf 92' lang='lat' dir='ltr'>cum</span> <span class='ocrx_word' id='word_1_234' title='bbox 349 3657 533 3743; x_wconf 84' lang='lat' dir='ltr'>voluptate,</span> <span class='ocrx_word' id='word_1_235' title='bbox 555 3660 679 3741; x_wconf 86' lang='lat' dir='ltr'>quanta</span> <span class='ocrx_word' id='word_1_236' title='bbox 701 3655 890 3738; x_wconf 84' lang='lat' dir='ltr'>Olassenus,</span> <span class='ocrx_word' id='word_1_237' title='bbox 917 3658 1040 3744; x_wconf 88' lang='lat' dir='ltr'>accipio</span> <span class='ocrx_word' id='word_1_238' title='bbox 1056 3658 1204 3725; x_wconf 83' lang='lat' dir='ltr'>Vaticani</span> <span class='ocrx_word' id='word_1_239' title='bbox 1220 3659 1416 3743; x_wconf 79' lang='lat' dir='ltr'>lectionem3</span> 
     </span>
     <span class='ocr_line' id='line_1_27' title="bbox 138 3773 1418 3863; baseline 0 -15"><span class='ocrx_word' id='word_1_240' title='bbox 138 3780 228 3848; x_wconf 89' lang='lat' dir='ltr'>onius</span> <span class='ocrx_word' id='word_1_241' title='bbox 263 3775 462 3844; x_wconf 87' lang='lat' dir='ltr'>concinnitas</span> <span class='ocrx_word' id='word_1_242' title='bbox 495 3773 573 3841; x_wconf 87' lang='lat' dir='ltr'>licet</span> <span class='ocrx_word' id='word_1_243' title='bbox 605 3775 709 3860; x_wconf 90' lang='lat' dir='ltr'>primo</span> <span class='ocrx_word' id='word_1_244' title='bbox 744 3774 859 3842; x_wconf 86' lang='lat' dir='ltr'>obtutu</span> <span class='ocrx_word' id='word_1_245' title='bbox 893 3775 1052 3856; x_wconf 86' lang='lat' dir='ltr'>arrideat,</span> <span class='ocrx_word' id='word_1_246' title='bbox 1087 3777 1269 3863; x_wconf 82' lang='lat' dir='ltr'>diligentius</span> <span class='ocrx_word' id='word_1_247' title='bbox 1299 3783 1418 3848; x_wconf 86' lang='lat' dir='ltr'>tamen</span> 
     </span>
     <span class='ocr_line' id='line_1_28' title="bbox 138 3894 1416 3982; baseline 0.001 -16"><span class='ocrx_word' id='word_1_248' title='bbox 138 3897 286 3967; x_wconf 89' lang='lat' dir='ltr'>omnibns</span> <span class='ocrx_word' id='word_1_249' title='bbox 309 3896 476 3982; x_wconf 86' lang='lat' dir='ltr'>perpensis</span> <span class='ocrx_word' id='word_1_250' title='bbox 501 3894 756 3962; x_wconf 84' lang='lat' dir='ltr'>animadvertere</span> <span class='ocrx_word' id='word_1_251' title='bbox 779 3894 857 3960; x_wconf 90' lang='lat' dir='ltr'>mihi</span> <span class='ocrx_word' id='word_1_252' title='bbox 879 3895 1010 3982; x_wconf 85' lang='lat' dir='ltr'>videor,</span> <span class='ocrx_word' id='word_1_253' title='bbox 1034 3897 1105 3962; x_wconf 76' lang='grc' dir='ltr'><strong><em>αλλ’</em></strong></span> <span class='ocrx_word' id='word_1_254' title='bbox 1126 3897 1155 3963; x_wconf 90' lang='lat' dir='ltr'>si</span> <span class='ocrx_word' id='word_1_255' title='bbox 1169 3896 1294 3964; x_wconf 89' lang='lat' dir='ltr'>uncinis</span> <span class='ocrx_word' id='word_1_256' title='bbox 1310 3897 1416 3967; x_wconf 88' lang='lat' dir='ltr'>inolu-</span> 
     </span>
     <span class='ocr_line' id='line_1_29' title="bbox 139 4012 1419 4106; baseline -0.002 -19"><span class='ocrx_word' id='word_1_257' title='bbox 139 4021 240 4106; x_wconf 88' lang='lat' dir='ltr'>ditur,</span> <span class='ocrx_word' id='word_1_258' title='bbox 272 4016 445 4105; x_wconf 87' lang='lat' dir='ltr'>participia</span> <span class='ocrx_word' id='word_1_259' title='bbox 475 4014 559 4087; x_wconf 77' lang='grc' dir='ltr'><strong><em>ὄντας</em></strong></span> <span class='ocrx_word' id='word_1_260' title='bbox 590 4019 622 4082; x_wconf 91' lang='lat' dir='ltr'>et</span> <span class='ocrx_word' id='word_1_261' title='bbox 645 4012 887 4090; x_wconf 75' lang='grc' dir='ltr'><strong><em>οίνανκασίίνπας</em></strong></span> <span class='ocrx_word' id='word_1_262' title='bbox 909 4034 974 4080; x_wconf 94' lang='lat' dir='ltr'>non</span> <span class='ocrx_word' id='word_1_263' title='bbox 996 4035 1056 4100; x_wconf 87' lang='lat' dir='ltr'>por</span> <span class='ocrx_word' id='word_1_264' title='bbox 1077 4015 1144 4096; x_wconf 89' lang='grc' dir='ltr'><strong><em>καί,</em></strong></span> <span class='ocrx_word' id='word_1_265' title='bbox 1173 4017 1230 4083; x_wconf 88' lang='lat' dir='ltr'>sed</span> <span class='ocrx_word' id='word_1_266' title='bbox 1253 4036 1313 4102; x_wconf 87' lang='lat' dir='ltr'>per</span> <span class='ocrx_word' id='word_1_267' title='bbox 1336 4039 1419 4086; x_wconf 93' lang='lat' dir='ltr'>con·</span> 
     </span>
     <span class='ocr_line' id='line_1_30' title="bbox 134 4133 1415 4225; baseline -0.001 -19"><span class='ocrx_word' id='word_1_268' title='bbox 134 4139 333 4225; x_wconf 88' lang='lat' dir='ltr'>junctionem</span> <span class='ocrx_word' id='word_1_269' title='bbox 356 4135 591 4204; x_wconf 84' lang='lat' dir='ltr'>adversativam</span> <span class='ocrx_word' id='word_1_270' title='bbox 613 4134 698 4199; x_wconf 76' lang='grc' dir='ltr'><strong><em>οίλλιί</em></strong></span> <span class='ocrx_word' id='word_1_271' title='bbox 720 4154 791 4201; x_wconf 87' lang='lat' dir='ltr'>osse</span> <span class='ocrx_word' id='word_1_272' title='bbox 815 4133 1054 4221; x_wconf 83' lang='lat' dir='ltr'>conjungenda3</span> <span class='ocrx_word' id='word_1_273' title='bbox 1080 4154 1163 4220; x_wconf 90' lang='lat' dir='ltr'>quae</span> <span class='ocrx_word' id='word_1_274' title='bbox 1182 4134 1357 4204; x_wconf 86' lang='lat' dir='ltr'>difficultas</span> <span class='ocrx_word' id='word_1_275' title='bbox 1377 4138 1415 4205; x_wconf 94' lang='lat' dir='ltr'>in</span> 
     </span>
     <span class='ocr_line' id='line_1_31' title="bbox 138 4258 1237 4344; baseline -0.007 -20"><span class='ocrx_word' id='word_1_276' title='bbox 138 4258 269 4344; x_wconf 78' lang='lat' dir='ltr'>vulgata</span> <span class='ocrx_word' id='word_1_277' title='bbox 291 4277 357 4324; x_wconf 96' lang='lat' dir='ltr'>non</span> <span class='ocrx_word' id='word_1_278' title='bbox 379 4260 479 4322; x_wconf 84' lang='lat' dir='ltr'>extat.</span> <span class='ocrx_word' id='word_1_279' title='bbox 1235 4311 1237 4316; x_wconf 87' lang='lat'>.</span> 
     </span>
    </p>

    <p class='ocr_par' dir='ltr' id='par_1_9' title="bbox 183 4369 1414 4470">
     <span class='ocr_line' id='line_1_32' title="bbox 183 4369 1414 4470; baseline -0.002 -28"><span class='ocrx_word' id='word_1_280' title='bbox 183 4374 262 4470; x_wconf 55' lang='lat'>§4</span> <span class='ocrx_word' id='word_1_281' title='bbox 285 4375 377 4463; x_wconf 78' lang='lat' dir='ltr'>Vulg.</span> <span class='ocrx_word' id='word_1_282' title='bbox 401 4375 450 4442; x_wconf 87' lang='grc' dir='ltr'>καί</span> <span class='ocrx_word' id='word_1_283' title='bbox 482 4373 673 4456; x_wconf 78' lang='grc' dir='ltr'><strong><em>Συρακοσίους</em></strong></span> <span class='ocrx_word' id='word_1_284' title='bbox 704 4369 736 4439; x_wconf 81' lang='grc' dir='ltr'>οὗ</span> <span class='ocrx_word' id='word_1_285' title='bbox 765 4371 866 4439; x_wconf 75' lang='grc' dir='ltr'><strong><em>εἰδέναι</em></strong></span> <span class='ocrx_word' id='word_1_286' title='bbox 890 4370 948 4447; x_wconf 62' lang='lat' dir='ltr'>ima</span> <span class='ocrx_word' id='word_1_287' title='bbox 1074 4370 1186 4436; x_wconf 76' lang='grc' dir='ltr'><strong><em>πλέον</em></strong></span> <span class='ocrx_word' id='word_1_288' title='bbox 1212 4371 1271 4436; x_wconf 72' lang='grc' dir='ltr'>διὰ</span> <span class='ocrx_word' id='word_1_289' title='bbox 1294 4369 1329 4437; x_wconf 77' lang='grc' dir='ltr'>πὸ</span> <span class='ocrx_word' id='word_1_290' title='bbox 1352 4396 1414 4443; x_wconf 79' lang='grc' dir='ltr'><strong><em>σοι·</em></strong></span> 
     </span>
    </p>
   </div>
   <div class='ocr_carea' id='block_1_6' title="bbox 0 0 1558 4988">
    <p class='ocr_par' dir='ltr' id='par_1_10' title="bbox 0 0 1558 4988">
     <span class='ocr_line' id='line_1_33' title="bbox 0 0 1558 4988; baseline 0 0"><span class='ocrx_word' id='word_1_291' title='bbox 0 0 1558 4988; x_wconf 95' lang='lat' dir='ltr'> </span> 
     </span>
    </p>
   </div>
  </div>
 </body>
</html>
