<?xml version="1.0" encoding="UTF-8"?>
<!DOCTYPE html PUBLIC "-//W3C//DTD XHTML 1.0 Transitional//EN"
    "http://www.w3.org/TR/xhtml1/DTD/xhtml1-transitional.dtd">
<html xmlns="http://www.w3.org/1999/xhtml" xml:lang="en" lang="en">
 <head>
  <title>
</title>
<meta http-equiv="Content-Type" content="text/html;charset=utf-8" />
  <meta name='ocr-system' content='tesseract 3.04.00' />
  <meta name='ocr-capabilities' content='ocr_page ocr_carea ocr_par ocr_line ocrx_word'/>
</head>
<body>
  <div class='ocr_page' id='page_1' title='image "./dethucydidisvat00vallgoog_0020.png"; bbox 0 0 3098 4988; ppageno 0'>
   <div class='ocr_carea' id='block_1_1' title="bbox 132 352 886 403">
    <p class='ocr_par' dir='ltr' id='par_1_1' title="bbox 132 352 886 403">
     <span class='ocr_line' id='line_1_1' title="bbox 132 352 886 403; baseline 0.004 -4"><span class='ocrx_word' id='word_1_1' title='bbox 132 352 197 400; x_wconf 85' lang='lat' dir='ltr'><strong>vm</strong></span> <span class='ocrx_word' id='word_1_2' title='bbox 652 354 886 403; x_wconf 78' lang='lat' dir='ltr'><strong>PRAEFATIO.</strong></span> 
     </span>
    </p>
   </div>
   <div class='ocr_carea' id='block_1_2' title="bbox 133 573 1408 2444">
    <p class='ocr_par' dir='ltr' id='par_1_2' title="bbox 133 573 1408 2444">
     <span class='ocr_line' id='line_1_2' title="bbox 134 573 1401 661; baseline -0.001 -20"><span class='ocrx_word' id='word_1_3' title='bbox 134 574 350 655; x_wconf 29' lang='lat' dir='ltr'><strong>immutatum,</strong></span> <span class='ocrx_word' id='word_1_4' title='bbox 374 574 534 660; x_wconf 85' lang='lat' dir='ltr'><strong>ordinem,</strong></span> <span class='ocrx_word' id='word_1_5' title='bbox 574 575 717 642; x_wconf 90' lang='lat' dir='ltr'><strong>additum</strong></span> <span class='ocrx_word' id='word_1_6' title='bbox 756 583 831 643; x_wconf 85' lang='lat' dir='ltr'><strong>ente</strong></span> <span class='ocrx_word' id='word_1_7' title='bbox 869 576 999 643; x_wconf 88' lang='lat' dir='ltr'><strong>nomina</strong></span> <span class='ocrx_word' id='word_1_8' title='bbox 1037 575 1169 661; x_wconf 91' lang='lat' dir='ltr'><strong>propria</strong></span> <span class='ocrx_word' id='word_1_9' title='bbox 1208 573 1401 658; x_wconf 85' lang='lat' dir='ltr'><strong>articulum,</strong></span> 
     </span>
     <span class='ocr_line' id='line_1_3' title="bbox 134 691 1402 780; baseline -0.002 -21"><span class='ocrx_word' id='word_1_10' title='bbox 134 691 278 780; x_wconf 87' lang='lat' dir='ltr'><strong>adjectas</strong></span> <span class='ocrx_word' id='word_1_11' title='bbox 311 714 408 779; x_wconf 81' lang='lat' dir='ltr'>saepe</span> <span class='ocrx_word' id='word_1_12' title='bbox 432 698 561 778; x_wconf 88' lang='lat' dir='ltr'><strong>praeter</strong></span> <span class='ocrx_word' id='word_1_13' title='bbox 583 695 807 761; x_wconf 89' lang='lat' dir='ltr'><strong>necessitatem</strong></span> <span class='ocrx_word' id='word_1_14' title='bbox 831 695 963 780; x_wconf 92' lang='lat' dir='ltr'><strong>copulas</strong></span> <span class='ocrx_word' id='word_1_15' title='bbox 988 719 1021 760; x_wconf 83' lang='grc' dir='ltr'><strong>τε</strong></span> <span class='ocrx_word' id='word_1_16' title='bbox 1045 699 1078 760; x_wconf 86' lang='lat' dir='ltr'><strong>et</strong></span> <span class='ocrx_word' id='word_1_17' title='bbox 1100 695 1168 771; x_wconf 76' lang='lat' dir='ltr'><strong>act,</strong></span> <span class='ocrx_word' id='word_1_18' title='bbox 1191 693 1291 760; x_wconf 82' lang='lat' dir='ltr'><strong>verbe</strong></span> <span class='ocrx_word' id='word_1_19' title='bbox 1316 713 1402 758; x_wconf 92' lang='lat' dir='ltr'><strong>com-</strong></span> 
     </span>
     <span class='ocr_line' id='line_1_4' title="bbox 136 811 1403 898; baseline -0.001 -21"><span class='ocrx_word' id='word_1_20' title='bbox 136 811 243 898; x_wconf 91' lang='lat' dir='ltr'><strong>posita</strong></span> <span class='ocrx_word' id='word_1_21' title='bbox 275 831 371 896; x_wconf 90' lang='lat' dir='ltr'><strong>saepe</strong></span> <span class='ocrx_word' id='word_1_22' title='bbox 402 831 534 878; x_wconf 90' lang='lat' dir='ltr'><strong>numero</strong></span> <span class='ocrx_word' id='word_1_23' title='bbox 557 832 617 898; x_wconf 94' lang='lat' dir='ltr'><strong>pro</strong></span> <span class='ocrx_word' id='word_1_24' title='bbox 646 812 842 897; x_wconf 82' lang='lat' dir='ltr'><strong>simplicibus</strong></span> <span class='ocrx_word' id='word_1_25' title='bbox 868 818 988 880; x_wconf 88' lang='lat' dir='ltr'><strong>temere</strong></span> <span class='ocrx_word' id='word_1_26' title='bbox 1011 819 1186 898; x_wconf 89' lang='lat' dir='ltr'><strong>usurpata,</strong></span> <span class='ocrx_word' id='word_1_27' title='bbox 1209 811 1403 898; x_wconf 83' lang='lat' dir='ltr'><strong>geographi-</strong></span> 
     </span>
     <span class='ocr_line' id='line_1_5' title="bbox 133 928 1403 1017; baseline -0.002 -20"><span class='ocrx_word' id='word_1_28' title='bbox 133 951 241 998; x_wconf 90' lang='lat' dir='ltr'><strong>carnm</strong></span> <span class='ocrx_word' id='word_1_29' title='bbox 265 950 372 996; x_wconf 93' lang='lat' dir='ltr'><strong>rerum</strong></span> <span class='ocrx_word' id='word_1_30' title='bbox 395 933 515 996; x_wconf 86' lang='lat' dir='ltr'><strong>rectam</strong></span> <span class='ocrx_word' id='word_1_31' title='bbox 539 929 740 1016; x_wconf 78' lang='lat' dir='ltr'><strong>scripturam.</strong></span> <span class='ocrx_word' id='word_1_32' title='bbox 779 928 858 996; x_wconf 75' lang='lat' dir='ltr'><strong>(lum</strong></span> <span class='ocrx_word' id='word_1_33' title='bbox 882 935 1004 1017; x_wconf 86' lang='lat' dir='ltr'><strong>autem,</strong></span> <span class='ocrx_word' id='word_1_34' title='bbox 1029 938 1066 997; x_wconf 92' lang='lat' dir='ltr'><strong>ut</strong></span> <span class='ocrx_word' id='word_1_35' title='bbox 1087 930 1121 997; x_wconf 92' lang='lat' dir='ltr'><strong>in</strong></span> <span class='ocrx_word' id='word_1_36' title='bbox 1137 929 1403 997; x_wconf 78' lang='lat' dir='ltr'><strong>annotationibus</strong></span> 
     </span>
     <span class='ocr_line' id='line_1_6' title="bbox 134 1048 1404 1136; baseline -0.002 -21"><span class='ocrx_word' id='word_1_37' title='bbox 134 1049 251 1116; x_wconf 91' lang='lat' dir='ltr'><strong>criticis</strong></span> <span class='ocrx_word' id='word_1_38' title='bbox 283 1048 394 1135; x_wconf 91' lang='lat' dir='ltr'><strong>docui,</strong></span> <span class='ocrx_word' id='word_1_39' title='bbox 428 1050 462 1116; x_wconf 94' lang='lat' dir='ltr'><strong>in</strong></span> <span class='ocrx_word' id='word_1_40' title='bbox 493 1049 664 1116; x_wconf 92' lang='lat' dir='ltr'><strong>lectionum</strong></span> <span class='ocrx_word' id='word_1_41' title='bbox 696 1049 879 1116; x_wconf 86' lang='lat' dir='ltr'><strong>diversitate</strong></span> <span class='ocrx_word' id='word_1_42' title='bbox 902 1049 1004 1117; x_wconf 87' lang='lat' dir='ltr'><strong>multo</strong></span> <span class='ocrx_word' id='word_1_43' title='bbox 1028 1050 1155 1136; x_wconf 90' lang='lat' dir='ltr'><strong>saepius</strong></span> <span class='ocrx_word' id='word_1_44' title='bbox 1178 1049 1272 1115; x_wconf 89' lang='lat' dir='ltr'><strong>Valla</strong></span> <span class='ocrx_word' id='word_1_45' title='bbox 1295 1069 1404 1115; x_wconf 82' lang='lat' dir='ltr'><strong>veram</strong></span> 
     </span>
     <span class='ocr_line' id='line_1_7' title="bbox 133 1168 1404 1254; baseline -0.002 -17"><span class='ocrx_word' id='word_1_46' title='bbox 133 1171 283 1238; x_wconf 77' lang='lat' dir='ltr'><strong>exhibeat</strong></span> <span class='ocrx_word' id='word_1_47' title='bbox 312 1192 457 1248; x_wconf 89' lang='lat' dir='ltr'><strong>manum,</strong></span> <span class='ocrx_word' id='word_1_48' title='bbox 489 1169 561 1254; x_wconf 90' lang='lat' dir='ltr'><strong>quis</strong></span> <span class='ocrx_word' id='word_1_49' title='bbox 589 1173 639 1235; x_wconf 88' lang='lat' dir='ltr'><strong>est</strong></span> <span class='ocrx_word' id='word_1_50' title='bbox 669 1169 746 1253; x_wconf 86' lang='lat' dir='ltr'><strong>quin</strong></span> <span class='ocrx_word' id='word_1_51' title='bbox 769 1174 802 1236; x_wconf 83' lang='lat' dir='ltr'><strong>e&#39;t</strong></span> <span class='ocrx_word' id='word_1_52' title='bbox 824 1169 858 1234; x_wconf 93' lang='lat' dir='ltr'><strong>in</strong></span> <span class='ocrx_word' id='word_1_53' title='bbox 880 1169 959 1236; x_wconf 89' lang='lat' dir='ltr'><strong>locis</strong></span> <span class='ocrx_word' id='word_1_54' title='bbox 983 1168 1089 1235; x_wconf 93' lang='lat' dir='ltr'><strong>dubiis</strong></span> <span class='ocrx_word' id='word_1_55' title='bbox 1113 1168 1281 1235; x_wconf 89' lang='lat' dir='ltr'><strong>arbitrium</strong></span> <span class='ocrx_word' id='word_1_56' title='bbox 1305 1188 1404 1254; x_wconf 91' lang='lat' dir='ltr'><strong>penes</strong></span> 
     </span>
     <span class='ocr_line' id='line_1_8' title="bbox 134 1285 1404 1372; baseline -0.002 -16"><span class='ocrx_word' id='word_1_57' title='bbox 134 1288 261 1357; x_wconf 85' lang='lat' dir='ltr'><strong>Vallem</strong></span> <span class='ocrx_word' id='word_1_58' title='bbox 284 1310 354 1357; x_wconf 92' lang='lat' dir='ltr'><strong>esse</strong></span> <span class='ocrx_word' id='word_1_59' title='bbox 378 1288 561 1355; x_wconf 80' lang='lat' dir='ltr'><strong>existimet?</strong></span> <span class='ocrx_word' id='word_1_60' title='bbox 600 1286 638 1352; x_wconf 94' lang='lat' dir='ltr'><strong>In</strong></span> <span class='ocrx_word' id='word_1_61' title='bbox 661 1286 858 1354; x_wconf 89' lang='lat' dir='ltr'><strong>consulenda</strong></span> <span class='ocrx_word' id='word_1_62' title='bbox 881 1290 989 1353; x_wconf 87' lang='lat' dir='ltr'><strong>tamen</strong></span> <span class='ocrx_word' id='word_1_63' title='bbox 1012 1287 1277 1372; x_wconf 82' lang='lat' dir='ltr'><strong>interpretatione</strong></span> <span class='ocrx_word' id='word_1_64' title='bbox 1300 1285 1404 1353; x_wconf 85' lang='lat' dir='ltr'><strong>latine</strong></span> 
     </span>
     <span class='ocr_line' id='line_1_9' title="bbox 134 1405 1404 1500; baseline -0.002 -26"><span class='ocrx_word' id='word_1_65' title='bbox 134 1408 175 1474; x_wconf 90' lang='lat' dir='ltr'><strong>ad</strong></span> <span class='ocrx_word' id='word_1_66' title='bbox 199 1408 388 1493; x_wconf 81' lang='lat' dir='ltr'><strong>scripturam</strong></span> <span class='ocrx_word' id='word_1_67' title='bbox 414 1427 565 1500; x_wconf 83' lang='lat' dir='ltr'><strong>graecam</strong></span> <span class='ocrx_word' id='word_1_68' title='bbox 588 1405 843 1473; x_wconf 86' lang='lat' dir='ltr'><strong>constituendam</strong></span> <span class='ocrx_word' id='word_1_69' title='bbox 868 1427 920 1473; x_wconf 92' lang='lat' dir='ltr'><strong>res</strong></span> <span class='ocrx_word' id='word_1_70' title='bbox 936 1406 1027 1493; x_wconf 91' lang='lat' dir='ltr'><strong>ipsa,</strong></span> <span class='ocrx_word' id='word_1_71' title='bbox 1051 1412 1089 1474; x_wconf 92' lang='lat' dir='ltr'><strong>ut</strong></span> <span class='ocrx_word' id='word_1_72' title='bbox 1111 1408 1252 1473; x_wconf 86' lang='lat' dir='ltr'><strong>maxima</strong></span> <span class='ocrx_word' id='word_1_73' title='bbox 1275 1411 1404 1473; x_wconf 86' lang='lat' dir='ltr'><strong>utamur</strong></span> 
     </span>
     <span class='ocr_line' id='line_1_10' title="bbox 133 1524 1404 1612; baseline 0 -20"><span class='ocrx_word' id='word_1_74' title='bbox 133 1526 317 1612; x_wconf 88' lang='lat' dir='ltr'><strong>prudentia,</strong></span> <span class='ocrx_word' id='word_1_75' title='bbox 354 1525 486 1605; x_wconf 86' lang='lat' dir='ltr'><strong>suadet,</strong></span> <span class='ocrx_word' id='word_1_76' title='bbox 522 1533 554 1593; x_wconf 91' lang='lat' dir='ltr'><strong>et</strong></span> <span class='ocrx_word' id='word_1_77' title='bbox 584 1526 704 1593; x_wconf 91' lang='lat' dir='ltr'><strong>idcirco</strong></span> <span class='ocrx_word' id='word_1_78' title='bbox 733 1526 888 1611; x_wconf 90' lang='lat' dir='ltr'><strong>imprimis</strong></span> <span class='ocrx_word' id='word_1_79' title='bbox 920 1526 1113 1611; x_wconf 87' lang='lat' dir='ltr'><strong>permultum</strong></span> <span class='ocrx_word' id='word_1_80' title='bbox 1145 1548 1204 1593; x_wconf 93' lang='lat' dir='ltr'><strong>nos</strong></span> <span class='ocrx_word' id='word_1_81' title='bbox 1227 1548 1266 1593; x_wconf 89' lang='lat' dir='ltr'><strong>ex</strong></span> <span class='ocrx_word' id='word_1_82' title='bbox 1289 1524 1404 1593; x_wconf 89' lang='lat' dir='ltr'><strong>Vallae</strong></span> 
     </span>
     <span class='ocr_line' id='line_1_11' title="bbox 134 1645 1404 1731; baseline -0.002 -18"><span class='ocrx_word' id='word_1_83' title='bbox 134 1667 230 1731; x_wconf 88' lang='lat' dir='ltr'><strong>opere</strong></span> <span class='ocrx_word' id='word_1_84' title='bbox 253 1645 408 1730; x_wconf 90' lang='lat' dir='ltr'><strong>proficere</strong></span> <span class='ocrx_word' id='word_1_85' title='bbox 431 1667 526 1731; x_wconf 92' lang='lat' dir='ltr'><strong>posse</strong></span> <span class='ocrx_word' id='word_1_86' title='bbox 550 1645 689 1712; x_wconf 88' lang='lat' dir='ltr'><strong>arbitror</strong></span> <span class='ocrx_word' id='word_1_87' title='bbox 711 1646 751 1712; x_wconf 93' lang='lat' dir='ltr'><strong>iis</strong></span> <span class='ocrx_word' id='word_1_88' title='bbox 774 1645 869 1725; x_wconf 88' lang='lat' dir='ltr'><strong>locis,</strong></span> <span class='ocrx_word' id='word_1_89' title='bbox 891 1646 926 1711; x_wconf 93' lang='lat' dir='ltr'><strong>in</strong></span> <span class='ocrx_word' id='word_1_90' title='bbox 949 1645 1065 1730; x_wconf 86' lang='lat' dir='ltr'><strong>quibus</strong></span> <span class='ocrx_word' id='word_1_91' title='bbox 1090 1647 1262 1714; x_wconf 90' lang='lat' dir='ltr'><strong>lectionum</strong></span> <span class='ocrx_word' id='word_1_92' title='bbox 1284 1646 1404 1712; x_wconf 90' lang='lat' dir='ltr'><strong>discre-</strong></span> 
     </span>
     <span class='ocr_line' id='line_1_12' title="bbox 134 1761 1404 1850; baseline -0.001 -21"><span class='ocrx_word' id='word_1_93' title='bbox 134 1764 266 1849; x_wconf 85' lang='lat' dir='ltr'><strong>pantiae</strong></span> <span class='ocrx_word' id='word_1_94' title='bbox 290 1767 472 1848; x_wconf 88' lang='lat' dir='ltr'><strong>suppetunt</strong></span> <span class='ocrx_word' id='word_1_95' title='bbox 505 1762 608 1829; x_wconf 90' lang='lat' dir='ltr'><strong>Lubet</strong></span> <span class='ocrx_word' id='word_1_96' title='bbox 630 1761 768 1830; x_wconf 86' lang='lat' dir='ltr'><strong>breviter</strong></span> <span class='ocrx_word' id='word_1_97' title='bbox 792 1763 956 1850; x_wconf 85' lang='lat' dir='ltr'><strong>colligere,</strong></span> <span class='ocrx_word' id='word_1_98' title='bbox 980 1785 1063 1848; x_wconf 90' lang='lat' dir='ltr'><strong>quae</strong></span> <span class='ocrx_word' id='word_1_99' title='bbox 1086 1785 1125 1830; x_wconf 86' lang='lat' dir='ltr'><strong>ex</strong></span> <span class='ocrx_word' id='word_1_100' title='bbox 1140 1763 1404 1831; x_wconf 81' lang='lat' dir='ltr'><strong>annotationibus</strong></span> 
     </span>
     <span class='ocr_line' id='line_1_13' title="bbox 135 1854 1406 1966; baseline -0.002 -15"><span class='ocrx_word' id='word_1_101' title='bbox 135 1881 253 1952; x_wconf 73' lang='lat' dir='ltr'><strong>cenes</strong></span> <span class='ocrx_word' id='word_1_102' title='bbox 278 1880 428 1948; x_wconf 66' lang='lat' dir='ltr'><strong>eremesa</strong></span> <span class='ocrx_word' id='word_1_103' title='bbox 452 1880 529 1947; x_wconf 82' lang='lat' dir='ltr'><strong>mm</strong></span> <span class='ocrx_word' id='word_1_104' title='bbox 551 1881 670 1948; x_wconf 74' lang='lat' dir='ltr'><strong>creor.</strong></span> <span class='ocrx_word' id='word_1_105' title='bbox 717 1881 879 1966; x_wconf 71' lang='lat' dir='ltr'><strong>Apparet</strong></span> <span class='ocrx_word' id='word_1_106' title='bbox 901 1881 978 1947; x_wconf 79' lang='lat' dir='ltr'><strong>mm</strong></span> <span class='ocrx_word' id='word_1_107' title='bbox 1011 1881 1047 1946; x_wconf 84' lang='lat'><strong>10</strong></span> <span class='ocrx_word' id='word_1_108' title='bbox 1069 1881 1196 1950; x_wconf 76' lang='lat' dir='ltr'><strong>uanam</strong></span> <span class='ocrx_word' id='word_1_109' title='bbox 1220 1887 1253 1949; x_wconf 79' lang='lat' dir='ltr'><strong>ec</strong></span> <span class='ocrx_word' id='word_1_110' title='bbox 1275 1854 1406 1950; x_wconf 68' lang='lat' dir='ltr'><strong>vetrea-</strong></span> 
     </span>
     <span class='ocr_line' id='line_1_14' title="bbox 135 2001 1405 2088; baseline -0.001 -22"><span class='ocrx_word' id='word_1_111' title='bbox 135 2021 212 2066; x_wconf 93' lang='lat' dir='ltr'><strong>num</strong></span> <span class='ocrx_word' id='word_1_112' title='bbox 242 2020 470 2085; x_wconf 91' lang='lat' dir='ltr'><strong>saepenumero</strong></span> <span class='ocrx_word' id='word_1_113' title='bbox 500 2001 583 2066; x_wconf 88' lang='lat' dir='ltr'><strong>inter</strong></span> <span class='ocrx_word' id='word_1_114' title='bbox 613 2021 647 2067; x_wconf 92' lang='lat' dir='ltr'><strong>se</strong></span> <span class='ocrx_word' id='word_1_115' title='bbox 671 2001 873 2086; x_wconf 89' lang='lat' dir='ltr'><strong>discrepare,</strong></span> <span class='ocrx_word' id='word_1_116' title='bbox 904 2001 1032 2086; x_wconf 90' lang='lat' dir='ltr'><strong>saepius</strong></span> <span class='ocrx_word' id='word_1_117' title='bbox 1059 2007 1186 2087; x_wconf 85' lang='lat' dir='ltr'><strong>tamen,</strong></span> <span class='ocrx_word' id='word_1_118' title='bbox 1215 2002 1405 2088; x_wconf 88' lang='lat' dir='ltr'><strong>praesertim</strong></span> 
     </span>
     <span class='ocr_line' id='line_1_15' title="bbox 138 2117 1404 2205; baseline 0.002 -21"><span class='ocrx_word' id='word_1_119' title='bbox 138 2119 171 2185; x_wconf 93' lang='lat' dir='ltr'><strong>in</strong></span> <span class='ocrx_word' id='word_1_120' title='bbox 201 2117 281 2186; x_wconf 89' lang='lat' dir='ltr'><strong>locis</strong></span> <span class='ocrx_word' id='word_1_121' title='bbox 312 2119 443 2204; x_wconf 86' lang='lat' dir='ltr'><strong>majoris</strong></span> <span class='ocrx_word' id='word_1_122' title='bbox 467 2117 636 2197; x_wconf 91' lang='lat' dir='ltr'><strong>momenti,</strong></span> <span class='ocrx_word' id='word_1_123' title='bbox 666 2118 727 2185; x_wconf 92' lang='lat' dir='ltr'><strong>sibi</strong></span> <span class='ocrx_word' id='word_1_124' title='bbox 750 2119 885 2186; x_wconf 90' lang='lat' dir='ltr'><strong>invicem</strong></span> <span class='ocrx_word' id='word_1_125' title='bbox 908 2120 1112 2205; x_wconf 88' lang='lat' dir='ltr'><strong>respondere.</strong></span> <span class='ocrx_word' id='word_1_126' title='bbox 1151 2119 1187 2185; x_wconf 81' lang='lat'><strong>2⁰</strong></span> <span class='ocrx_word' id='word_1_127' title='bbox 1209 2119 1404 2188; x_wconf 87' lang='lat' dir='ltr'><strong>Vaticanum</strong></span> 
     </span>
     <span class='ocr_line' id='line_1_16' title="bbox 137 2237 1408 2323; baseline 0.002 -20"><span class='ocrx_word' id='word_1_128' title='bbox 137 2237 234 2322; x_wconf 87' lang='lat' dir='ltr'><strong>igitur</strong></span> <span class='ocrx_word' id='word_1_129' title='bbox 256 2258 321 2303; x_wconf 92' lang='lat' dir='ltr'><strong>non</strong></span> <span class='ocrx_word' id='word_1_130' title='bbox 344 2237 441 2305; x_wconf 92' lang='lat' dir='ltr'><strong>modo</strong></span> <span class='ocrx_word' id='word_1_131' title='bbox 465 2242 643 2304; x_wconf 90' lang='lat' dir='ltr'><strong>correctum</strong></span> <span class='ocrx_word' id='word_1_132' title='bbox 667 2257 755 2323; x_wconf 90' lang='lat' dir='ltr'><strong>esse,</strong></span> <span class='ocrx_word' id='word_1_133' title='bbox 778 2258 885 2304; x_wconf 86' lang='lat' dir='ltr'><strong>verum</strong></span> <span class='ocrx_word' id='word_1_134' title='bbox 908 2237 1006 2304; x_wconf 90' lang='lat' dir='ltr'><strong>etiam</strong></span> <span class='ocrx_word' id='word_1_135' title='bbox 1029 2237 1176 2319; x_wconf 90' lang='lat' dir='ltr'><strong>aliunde,</strong></span> <span class='ocrx_word' id='word_1_136' title='bbox 1206 2245 1243 2305; x_wconf 89' lang='lat' dir='ltr'><strong>ut</strong></span> <span class='ocrx_word' id='word_1_137' title='bbox 1266 2260 1283 2304; x_wconf 94' lang='lat' dir='ltr'><strong>e</strong></span> <span class='ocrx_word' id='word_1_138' title='bbox 1308 2237 1408 2305; x_wconf 87' lang='lat' dir='ltr'><strong>colla·</strong></span> 
     </span>
     <span class='ocr_line' id='line_1_17' title="bbox 137 2355 1407 2444; baseline 0.002 -22"><span class='ocrx_word' id='word_1_139' title='bbox 137 2357 243 2444; x_wconf 88' lang='lat' dir='ltr'><strong>tione,</strong></span> <span class='ocrx_word' id='word_1_140' title='bbox 278 2361 481 2441; x_wconf 89' lang='lat' dir='ltr'><strong>praestantes</strong></span> <span class='ocrx_word' id='word_1_141' title='bbox 516 2356 692 2440; x_wconf 86' lang='lat' dir='ltr'><strong>scripturas</strong></span> <span class='ocrx_word' id='word_1_142' title='bbox 727 2355 865 2440; x_wconf 89' lang='lat' dir='ltr'><strong>petiisse.</strong></span> <span class='ocrx_word' id='word_1_143' title='bbox 912 2355 950 2421; x_wconf 84' lang='lat'><strong>3⁰</strong></span> <span class='ocrx_word' id='word_1_144' title='bbox 981 2355 1014 2422; x_wconf 93' lang='lat' dir='ltr'><strong>in</strong></span> <span class='ocrx_word' id='word_1_145' title='bbox 1044 2356 1190 2425; x_wconf 90' lang='lat' dir='ltr'><strong>lectionis</strong></span> <span class='ocrx_word' id='word_1_146' title='bbox 1222 2357 1407 2425; x_wconf 86' lang='lat' dir='ltr'><strong>diversitate</strong></span> 
     </span>
    </p>
   </div>
   <div class='ocr_carea' id='block_1_3' title="bbox 59 2471 1408 2918">
    <p class='ocr_par' dir='ltr' id='par_1_3' title="bbox 59 2471 1408 2918">
     <span class='ocr_line' id='line_1_18' title="bbox 138 2471 1406 2563; baseline 0.002 -22"><span class='ocrx_word' id='word_1_147' title='bbox 138 2475 327 2561; x_wconf 90' lang='lat' dir='ltr'><strong>plerumque</strong></span> <span class='ocrx_word' id='word_1_148' title='bbox 349 2477 503 2562; x_wconf 89' lang='lat' dir='ltr'><strong>majorem</strong></span> <span class='ocrx_word' id='word_1_149' title='bbox 527 2474 664 2560; x_wconf 90' lang='lat' dir='ltr'><strong>speciem</strong></span> <span class='ocrx_word' id='word_1_150' title='bbox 687 2471 807 2540; x_wconf 90' lang='lat' dir='ltr'><strong>habere</strong></span> <span class='ocrx_word' id='word_1_151' title='bbox 830 2472 1014 2560; x_wconf 82' lang='lat' dir='ltr'><strong>Vallam1),</strong></span> <span class='ocrx_word' id='word_1_152' title='bbox 1039 2496 1111 2541; x_wconf 93' lang='lat' dir='ltr'><strong>cum</strong></span> <span class='ocrx_word' id='word_1_153' title='bbox 1134 2476 1161 2541; x_wconf 93' lang='lat' dir='ltr'><strong>B</strong></span> <span class='ocrx_word' id='word_1_154' title='bbox 1186 2476 1286 2563; x_wconf 84' lang='lat' dir='ltr'><strong>magis</strong></span> <span class='ocrx_word' id='word_1_155' title='bbox 1311 2482 1406 2543; x_wconf 89' lang='lat' dir='ltr'><strong>acute</strong></span> 
     </span>
     <span class='ocr_line' id='line_1_19' title="bbox 59 2590 1407 2692; baseline 0.006 -37"><span class='ocrx_word' id='word_1_156' title='bbox 59 2602 77 2655; x_wconf 72' lang='grc' dir='ltr'><strong>’ἵ</strong></span> <span class='ocrx_word' id='word_1_157' title='bbox 139 2617 236 2681; x_wconf 89' lang='lat' dir='ltr'><strong>quam</strong></span> <span class='ocrx_word' id='word_1_158' title='bbox 267 2615 339 2661; x_wconf 84' lang='lat' dir='ltr'><strong>vere</strong></span> <span class='ocrx_word' id='word_1_159' title='bbox 369 2594 531 2661; x_wconf 90' lang='lat' dir='ltr'><strong>interdum</strong></span> <span class='ocrx_word' id='word_1_160' title='bbox 563 2594 606 2660; x_wconf 91' lang='lat' dir='ltr'><strong>sit</strong></span> <span class='ocrx_word' id='word_1_161' title='bbox 635 2597 808 2659; x_wconf 89' lang='lat' dir='ltr'><strong>correctus.</strong></span> <span class='ocrx_word' id='word_1_162' title='bbox 854 2591 891 2657; x_wconf 86' lang='lat'><strong>40</strong></span> <span class='ocrx_word' id='word_1_163' title='bbox 921 2592 955 2657; x_wconf 92' lang='lat' dir='ltr'><strong>in</strong></span> <span class='ocrx_word' id='word_1_164' title='bbox 986 2590 1064 2660; x_wconf 90' lang='lat' dir='ltr'><strong>locis</strong></span> <span class='ocrx_word' id='word_1_165' title='bbox 1091 2592 1197 2662; x_wconf 92' lang='lat' dir='ltr'><strong>dubiis</strong></span> <span class='ocrx_word' id='word_1_166' title='bbox 1221 2595 1288 2692; x_wconf 79' lang='lat' dir='ltr'><strong>fere</strong></span> <span class='ocrx_word' id='word_1_167' title='bbox 1312 2596 1407 2664; x_wconf 91' lang='lat' dir='ltr'><strong>modo</strong></span> 
     </span>
     <span class='ocr_line' id='line_1_20' title="bbox 140 2710 1405 2782; baseline 0.002 -2"><span class='ocrx_word' id='word_1_168' title='bbox 140 2714 335 2781; x_wconf 92' lang='lat' dir='ltr'><strong>audiendum</strong></span> <span class='ocrx_word' id='word_1_169' title='bbox 359 2734 429 2780; x_wconf 90' lang='lat' dir='ltr'><strong>ease</strong></span> <span class='ocrx_word' id='word_1_170' title='bbox 452 2713 478 2778; x_wconf 91' lang='lat' dir='ltr'><strong>B</strong></span> <span class='ocrx_word' id='word_1_171' title='bbox 503 2713 530 2779; x_wconf 95' lang='lat' dir='ltr'><strong>si</strong></span> <span class='ocrx_word' id='word_1_172' title='bbox 554 2735 573 2779; x_wconf 89' lang='lat' dir='ltr'><strong>a</strong></span> <span class='ocrx_word' id='word_1_173' title='bbox 596 2711 692 2779; x_wconf 84' lang='lat' dir='ltr'><strong>Vallo</strong></span> <span class='ocrx_word' id='word_1_174' title='bbox 715 2710 907 2778; x_wconf 86' lang='lat' dir='ltr'><strong>stabiliatur.</strong></span> <span class='ocrx_word' id='word_1_175' title='bbox 946 2711 985 2776; x_wconf 82' lang='lat'><strong>50</strong></span> <span class='ocrx_word' id='word_1_176' title='bbox 1007 2734 1071 2779; x_wconf 91' lang='lat' dir='ltr'><strong>non</strong></span> <span class='ocrx_word' id='word_1_177' title='bbox 1104 2713 1202 2782; x_wconf 90' lang='lat' dir='ltr'><strong>licere</strong></span> <span class='ocrx_word' id='word_1_178' title='bbox 1225 2715 1259 2781; x_wconf 93' lang='lat' dir='ltr'><strong>in</strong></span> <span class='ocrx_word' id='word_1_179' title='bbox 1283 2715 1405 2782; x_wconf 87' lang='lat' dir='ltr'><strong>univer-</strong></span> 
     </span>
     <span class='ocr_line' id='line_1_21' title="bbox 141 2828 1408 2918; baseline 0.002 -20"><span class='ocrx_word' id='word_1_180' title='bbox 141 2853 211 2898; x_wconf 89' lang='lat' dir='ltr'><strong>sum</strong></span> <span class='ocrx_word' id='word_1_181' title='bbox 242 2831 281 2898; x_wconf 93' lang='lat' dir='ltr'><strong>de</strong></span> <span class='ocrx_word' id='word_1_182' title='bbox 309 2831 467 2917; x_wconf 88' lang='lat' dir='ltr'><strong>scriptura</strong></span> <span class='ocrx_word' id='word_1_183' title='bbox 488 2831 521 2898; x_wconf 94' lang='lat' dir='ltr'><strong>in</strong></span> <span class='ocrx_word' id='word_1_184' title='bbox 544 2850 642 2914; x_wconf 86' lang='lat' dir='ltr'><strong>quarn</strong></span> <span class='ocrx_word' id='word_1_185' title='bbox 666 2828 842 2895; x_wconf 89' lang='lat' dir='ltr'><strong>Vaticanus</strong></span> <span class='ocrx_word' id='word_1_186' title='bbox 865 2834 898 2896; x_wconf 89' lang='lat' dir='ltr'><strong>et</strong></span> <span class='ocrx_word' id='word_1_187' title='bbox 923 2829 1015 2897; x_wconf 86' lang='lat' dir='ltr'><strong>Valla</strong></span> <span class='ocrx_word' id='word_1_188' title='bbox 1039 2832 1223 2918; x_wconf 89' lang='lat' dir='ltr'><strong>conspirent</strong></span> <span class='ocrx_word' id='word_1_189' title='bbox 1248 2832 1408 2901; x_wconf 89' lang='lat' dir='ltr'><strong>dubitare.</strong></span> 
     </span>
    </p>
   </div>
   <div class='ocr_carea' id='block_1_4' title="bbox 142 3071 1443 3246">
    <p class='ocr_par' dir='ltr' id='par_1_4' title="bbox 142 3071 1443 3246">
     <span class='ocr_line' id='line_1_22' title="bbox 173 3071 1443 3161; baseline 0.002 -26"><span class='ocrx_word' id='word_1_190' title='bbox 173 3084 201 3150; x_wconf 87' lang='lat'><strong>1)</strong></span> <span class='ocrx_word' id='word_1_191' title='bbox 218 3084 297 3136; x_wconf 88' lang='lat' dir='ltr'><strong>Libro</strong></span> <span class='ocrx_word' id='word_1_192' title='bbox 319 3089 409 3136; x_wconf 77' lang='lat' dir='ltr'><strong>octavo</strong></span> <span class='ocrx_word' id='word_1_193' title='bbox 427 3083 568 3135; x_wconf 83' lang='lat' dir='ltr'><strong>Classenns</strong></span> <span class='ocrx_word' id='word_1_194' title='bbox 586 3087 695 3134; x_wconf 85' lang='lat' dir='ltr'><strong>centum</strong></span> <span class='ocrx_word' id='word_1_195' title='bbox 716 3088 743 3134; x_wconf 84' lang='lat' dir='ltr'><strong>et</strong></span> <span class='ocrx_word' id='word_1_196' title='bbox 760 3097 855 3134; x_wconf 80' lang='lat' dir='ltr'><strong>norem</strong></span> <span class='ocrx_word' id='word_1_197' title='bbox 872 3083 998 3136; x_wconf 81' lang='lat' dir='ltr'><strong>lectiones</strong></span> <span class='ocrx_word' id='word_1_198' title='bbox 1016 3099 1030 3136; x_wconf 86' lang='lat' dir='ltr'><strong>e</strong></span> <span class='ocrx_word' id='word_1_199' title='bbox 1047 3085 1174 3137; x_wconf 84' lang='lat' dir='ltr'><strong>Vaticano</strong></span> <span class='ocrx_word' id='word_1_200' title='bbox 1193 3085 1311 3152; x_wconf 87' lang='lat' dir='ltr'><strong>recipere</strong></span> <span class='ocrx_word' id='word_1_201' title='bbox 1329 3101 1417 3161; x_wconf 19' lang='lat' dir='ltr'><strong>recugr</strong></span> <span class='ocrx_word' id='word_1_202' title='bbox 1441 3071 1443 3079; x_wconf 49' lang='lat'><strong>¹</strong></span> 
     </span>
     <span class='ocr_line' id='line_1_23' title="bbox 142 3144 1416 3246; baseline 0 -15"><span class='ocrx_word' id='word_1_203' title='bbox 142 3181 221 3245; x_wconf 79' lang='lat' dir='ltr'><strong>savit,</strong></span> <span class='ocrx_word' id='word_1_204' title='bbox 239 3181 267 3231; x_wconf 87' lang='lat' dir='ltr'><strong>in</strong></span> <span class='ocrx_word' id='word_1_205' title='bbox 286 3179 382 3246; x_wconf 85' lang='lat' dir='ltr'><strong>quibus</strong></span> <span class='ocrx_word' id='word_1_206' title='bbox 399 3179 452 3230; x_wconf 81' lang='lat' dir='ltr'><strong>lere</strong></span> <span class='ocrx_word' id='word_1_207' title='bbox 469 3178 593 3229; x_wconf 90' lang='lat' dir='ltr'><strong>omnibus</strong></span> <span class='ocrx_word' id='word_1_208' title='bbox 611 3177 685 3228; x_wconf 87' lang='lat' dir='ltr'><strong>Valle</strong></span> <span class='ocrx_word' id='word_1_209' title='bbox 702 3178 834 3229; x_wconf 86' lang='lat' dir='ltr'><strong>sinceram</strong></span> <span class='ocrx_word' id='word_1_210' title='bbox 851 3179 965 3229; x_wconf 79' lang='lat' dir='ltr'><strong>servavit</strong></span> <span class='ocrx_word' id='word_1_211' title='bbox 982 3179 1151 3244; x_wconf 87' lang='lat' dir='ltr'><strong>scripturam.</strong></span> <span class='ocrx_word' id='word_1_212' title='bbox 1399 3144 1416 3207; x_wconf 57' lang='lat' dir='ltr'><strong>i</strong></span> 
     </span>
    </p>
   </div>
   <div class='ocr_carea' id='block_1_5' title="bbox 0 0 1570 4988">
    <p class='ocr_par' dir='ltr' id='par_1_5' title="bbox 0 0 1570 4988">
     <span class='ocr_line' id='line_1_24' title="bbox 0 0 1570 4988; baseline 0 0"><span class='ocrx_word' id='word_1_213' title='bbox 0 0 1570 4988; x_wconf 95' lang='lat' dir='ltr'><strong> </strong></span> 
     </span>
    </p>
   </div>
  </div>
 </body>
</html>
