3098 4988
677 337 742 412 103

64 585 221 655 ἃπαντα
323 584 694 670 ξννέκσινανιὶσαννν,
710 580 1336 669 utrumquehanddubieecorrsctione.

64 705 153 772 Illud
184 705 224 772 ob
256 725 369 772 sonum
399 704 504 771 miuus
535 704 659 789 placet,
693 702 798 770 forma
830 706 936 768 autem
967 703 1184 778 ἕνσννωνιὶσαντι
1218 722 1338 786 nequa-

64 845 183 909 quam,
217 823 295 890 ferri
328 827 452 909 potest,
487 843 558 889 cum
593 821 734 888 medium
768 823 955 886 asseverata
994 840 1034 885 ne
1068 823 1172 887 exstet
1201 819 1341 904 quidem.

64 941 180 1015 Valla:
207 962 298 1024 „cum
322 941 438 1026 quibus
461 941 569 1008 omnia
591 940 722 1025 negotia
837 937 955 1005 milites
979 937 1041 1004 sibi
1064 939 1246 1004 communia
1268 958 1340 1004 esse

63 1057 263 1127 voluerunt”.

111 1178 196 1247 lbid.
220 1178 314 1264 Vulg.
338 1177 391 1257 ἄν,
419 1190 441 1244 Β
466 1179 536 1255 ἓνὲν,
559 1185 657 1245 recte.

112 1417 219 1501 Caput
243 1417 285 1484 76
307 1414 331 1507 ἓ
353 1419 385 1486 2.
409 1417 502 1503 Vulg.
526 1417 554 1483 si
573 1441 639 1483 τινα
727 1464 736 1482 .
753 1415 976 1482 ὑπώπτευον.
1001 1415 1086 1482 Vera
1100 1415 1208 1481 Attica
1224 1414 1339 1482 forma.

62 1534 94 1599 B
125 1556 199 1601 cum
228 1535 388 1602 nonnullis
411 1536 483 1602 aliis
516 1535 751 1602 ὑπεσοπενον.
798 1534 909 1601 Valla:
939 1534 986 1615 „si
1009 1553 1104 1618 quem
1127 1532 1339 1600 trierarchum

63 1658 251 1739 suspectum
274 1653 469 1722 habebant''.

111 1769 135 1862 ξ
159 1773 189 1839 3.
221 1770 313 1858 Vulg.
344 1773 411 1846 ποὺς
438 1774 498 1855 ροὶρ
521 1772 661 1848 ἐλάσσους
684 1774 745 1840 ciri
767 1778 850 1858 σφῶν
872 1778 927 1838 τῶν
951 1772 1086 1839 πλειόνων
1110 1772 1159 1837 καὶ
1184 1774 1212 1844 ἔς
1237 1771 1339 1839 πάντα

63 1890 310 1971 ποριμωσὲρνιν
331 1892 569 1970 μεθεστάναι,
592 1913 667 1959 vera
690 1892 795 1958 laabin.
841 1891 868 1957 B
892 1889 1034 1958 soloeca:
1058 1889 1287 1972 ποριμῶπεροι
1310 1892 1339 1956 οἱ

65 2010 296 2091 εὐπορώτεροι
338 2012 561 2079 καθιστάναι.
606 2009 702 2078 Haud
741 2009 838 2077 dubia
878 2008 1035 2076 emblema
1079 2008 1227 2074 ducenda
1265 2013 1340 2075 sunt

64 2125 167 2194 verba
196 2127 378 2209 ποριμῶσεροι
407 2130 432 2195 oi
462 2129 658 2211 εὐπορώτεροι,
694 2148 778 2213 quaa
805 2128 935 2214 propria
964 2127 998 2193 in
1022 2125 1164 2211 margine
1188 2126 1339 2212 adpicta,

67 2244 185 2312 deinde
215 2245 320 2314 locum
351 2269 445 2316 serae
467 2249 615 2316 lectionis
638 2254 799 2334 ceperunt
842 2247 934 2326 Quod
957 2246 1001 2313 ad
1027 2245 1199 2312 ναοισσαναι
1223 2246 1339 2314 attinet

67 2365 181 2431 ethic
211 2364 238 2430 B
270 2365 440 2434 manifesto
471 2371 564 2433 errat.
610 2366 705 2434 Valla
734 2371 837 2434 recte:
871 2371 1036 2447 „caeteros
1068 2366 1229 2433 exhortati
1265 2372 1340 2433 sunt

68 2503 142 2548 cum
173 2481 246 2549 aliis
275 2484 472 2571 rationibus,
505 2506 571 2551 non
598 2485 713 2551 debere
735 2485 824 2569 ipsos
848 2484 954 2550 animo
977 2482 1091 2550 labare
1115 2483 1202 2569 quod
1226 2485 1339 2553 civitas

68 2621 129 2668 sua
159 2602 293 2687 (autur
323 2610 360 2669 ut
389 2602 555 2671 Bekkerus
579 2604 730 2687 correxit)
753 2602 937 2671 defecisset:
968 2607 1037 2669 tum
1060 2624 1134 2670 vero
1157 2603 1225 2685 his,
1248 2603 1337 2688 quod

69 2741 91 2786 a
120 2741 171 2801 se,
204 2721 259 2804 qui
286 2729 319 2788 et
348 2723 458 2807 plures
482 2728 603 2800 essent,
628 2728 666 2788 et
697 2720 878 2789 omnibus
909 2722 1033 2807 magis
1063 2721 1338 2803 abundarent,

69 2838 144 2904 illa
175 2839 448 2908 secessisset'’.

115 2954 195 3047 §4
228 2957 322 3044 Vulg.
353 2961 407 3035 τοὶς
431 2986 465 3027 σε
494 2959 617 3035 ἄλλοις
650 2962 748 3035 πόλεις
776 2957 813 3025 ὧν
836 2959 974 3042 ἄρχουσιν
997 2961 1241 3038 ἀναγκάσαντα
1266 2962 1340 3042 χρή-

70 3100 159 3154 ματα
277 3076 390 3143 διδόναι.
436 3078 557 3163 Urbica,
588 3099 671 3164 quas
702 3080 781 3146 dicit
810 3081 866 3153 τὰς
891 3078 1006 3167 πίλοις,
1036 3088 1110 3148 sunt
1133 3100 1190 3147 aaa
1197 3130 1207 3166 ‚
1230 3077 1267 3145 ὦν
1289 3080 1338 3162 ἄρ-

71 3219 183 3277 χουσιν.
218 3193 343 3262 Idcirco
378 3203 569 3280 supervacat
605 3197 722 3276 ἄλλος,
758 3199 844 3284 qnod
876 3207 908 3268 et
935 3201 1025 3267 illam
1047 3200 1088 3268 ob
1113 3221 1243 3267 cansam
1264 3201 1338 3287 jure

73 3313 225 3380 omissum
249 3319 298 3381 est
320 3314 353 3379 in
368 3313 413 3393 B,
437 3336 526 3396 cum,
543 3316 658 3400 quibus
674 3319 729 3391 τὰς
746 3317 845 3392 ἄλλος
861 3317 958 3391 πόλεις
975 3339 1136 3404 opponere
1155 3317 1338 3397 debeamus,

72 3433 168 3501 urbes
192 3454 257 3501 non
286 3439 423 3502 exstent.
454 3436 533 3503 Cum
555 3436 583 3502 B
605 3437 684 3505 facit
706 3437 816 3505 Valla:
843 3458 958 3522 ‚,p0sse
982 3459 1016 3504 se
1039 3438 1198 3523 civitates,
1221 3439 1338 3523 quibus

74 3557 275 3637 praeessent,
300 3552 457 3639 adigere’'.

116 3669 199 3736 Ihid.
222 3669 312 3756 Vulg.
342 3667 359 3748 t
390 3677 459 3751 παρ’
489 3673 649 3756 ἐλάχιστον
676 3669 744 3747 ἦλθε
766 3674 800 3739 πὸ
823 3680 879 3740 τῶν
901 3672 1056 3750 Ἀθηναίων
1082 3673 1185 3755 κράτος
1209 3682 1261 3749 τῆς
1287 3676 1338 3740 θα-

73 3784 205 3866 λάσσης,
242 3785 290 3854 ὅτε
325 3791 515 3879 ἐπολέμησεν,
552 3791 732 3873 ἀφελέσθαι,
766 3793 832 3865 τοὺς
864 3818 898 3858 πε
931 3794 1086 3871 πολεμίους
1119 3795 1151 3857 ἐκ
1173 3798 1224 3858 τοῦ
1248 3795 1338 3858 αὐτοῦ

73 3906 177 3987 χωρίον
207 3908 380 3982 ἀμύνεσθαι.
426 3907 453 3972 Β
484 3909 631 3994 pluribus
654 3912 687 3977 iu
710 3911 807 3978 rebus
832 3910 959 3999 differt3
983 3917 1058 3979 ante
1081 3911 1148 3988 ἦλθε
1172 3911 1263 3978 addit
1286 3910 1337 3997 δὴ,

72 4026 159 4110 quod
191 4047 257 4094 non
286 4027 452 4114 displicet,
483 4032 520 4093 ut
549 4028 646 4095 etiam
670 4029 791 4114 maj0re
814 4050 885 4095 cum
910 4031 1015 4114 specie
1038 4027 1172 4114 praebet
1194 4026 1338 4095 futurum

71 4147 252 4227 ἀμυνεῖσθαι.
299 4147 388 4215 Sitne
411 4169 483 4214 cum
505 4148 533 4214 B
555 4148 733 4215 tollendum
756 4151 828 4225 τῶν,
852 4145 1014 4213 affirmare
1036 4167 1101 4212 non
1124 4145 1244 4224 ansim;
1268 4166 1338 4231 per·

71 4287 162 4334 verse
193 4272 302 4334 antem
331 4287 392 4353 pro
414 4266 485 4350 παρ’
510 4266 623 4334 scribit
645 4292 708 4348 περ.
756 4266 881 4333 Graeca
904 4265 1030 4333 Vallum
1053 4285 1119 4331 non
1140 4264 1338 4333 intellexisse

72 4393 228 4473 apparet:
255 4389 303 4469 „si
324 4387 412 4453 illinc
436 4387 562 4453 abirent
584 4385 678 4472 (legit
701 4406 773 4451 cum
788 4385 815 4450 Β
830 4387 993 4472 ὡρμῶντο),
1010 4383 1141 4452 Samum
1157 4404 1336 4470 superesse,
