3098 4988
481 1368 955 1464 perarasse.
1058 1479 1061 1485 ,
1127 1423 1130 1430 -

130 1871 226 1939 Haud
262 1870 373 1937 eadem
408 1891 491 1954 quae
525 1869 730 1937 Demostheni
766 1868 957 1954 Platonique
988 1867 1068 1935 favit
1090 1867 1283 1954 Thucydidi,
1308 1868 1356 1934 illi

89 2012 195 2059 rernm
218 1997 381 2076 gestarum
404 1990 567 2074 scriptori,
590 1988 721 2056 fortuna
736 1989 886 2074 contigit3
909 1987 1037 2055 illorum
1053 1988 1138 2054 enim
1152 1987 1227 2054 licet
1243 1988 1353 2054 arche·

84 2112 153 2196 typi
176 2132 241 2177 non
264 2109 395 2177 tulerint
411 2114 569 2189 aetatem,
593 2113 764 2194 supersunt
779 2113 887 2175 tamen
902 2106 979 2174 libri
993 2111 1104 2174 tantae
1119 2107 1354 2192 praestantiae,

83 2233 121 2294 nt
143 2227 209 2295 lere
233 2227 389 2295 tantidem
412 2249 451 2294 ae
476 2249 589 2295 manus
611 2227 683 2321 ipsa
706 2226 771 2295 sint
785 2225 942 2308 habendi3
966 2225 1110 2293 historici
1129 2231 1236 2292 autem
1252 2225 1355 2293 nostri

85 2369 185 2434 opera
215 2370 278 2416 non
309 2349 370 2415 nisi
399 2348 577 2416 miserrima
607 2347 790 2439 conditione
820 2347 862 2414 ad
885 2367 944 2414 nos
967 2351 1187 2433 pervenerunt
1237 2344 1355 2424 Quam·

86 2489 181 2551 quam
207 2466 401 2553 Thucydidis
425 2467 552 2534 codices
577 2468 604 2533 si
627 2489 690 2535 non
713 2466 914 2552 ponderandi
937 2471 1043 2534 essent
1067 2465 1124 2533 sed
1146 2464 1354 2550 numerandi,

84 2606 196 2652 revera
232 2585 386 2652 librorum
418 2587 510 2671 copia
531 2586 617 2653 inter
639 2586 760 2671 primos
782 2591 892 2653 noster
915 2584 1029 2651 haberi
1052 2589 1170 2670 posset
1216 2585 1355 2650 Exstant

86 2702 171 2769 enim
193 2702 266 2787 plus
290 2702 422 2789 triginta
444 2703 639 2790 Thucydidis
663 2704 802 2784 codices,
824 2705 881 2789 qui
904 2709 1013 2771 tamen
1028 2724 1139 2770 omnes
1157 2702 1356 2771 volventibus

86 2821 179 2888 annis
209 2820 294 2887 vitiis
321 2822 482 2913 inquinati
505 2827 603 2907 atque
625 2822 826 2891 emblematis
850 2822 1060 2890 contaminati
1084 2829 1169 2891 sunt.
1208 2820 1356 2889 Virorum

85 2961 163 3007 sane
180 2939 349 3007 doctorum
373 2960 508 3006 acumen
529 2940 675 3024 plurimis
689 2941 769 3008 locis
785 2941 944 3026 corruptis
959 2940 1149 3026 excogitavit
1164 2941 1355 3008 medicinam

85 3065 182 3149 atque
212 3058 416 3126 librariorum
446 3058 714 3144 interpolationes
745 3080 862 3146 magna
891 3081 951 3144 pro
984 3065 1118 3145 partae
1142 3066 1234 3126 textu
1257 3059 1357 3126 elimi-

78 3179 190 3270 ιιι-ἥς
221 3182 364 3245 attamen
395 3177 533 3263 scriptor
556 3178 728 3246 sciolorum
752 3179 848 3274 culpa
871 3178 952 3246 adeo
976 3178 1103 3268 penitus
1127 3184 1175 3246 est
1197 3180 1353 3270 pollutus,

85 3304 121 3362 nt
143 3298 321 3382 permultae
342 3303 466 3364 restent
487 3297 659 3376 lectiones,
683 3318 766 3382 quae
789 3297 891 3365 critici
914 3297 1078 3366 oculorum
1095 3297 1196 3365 aciem
1212 3297 1356 3364 eludant.

935 3380 1328 3403 Ὢ

88 3415 246 3483 Sexcenta
280 3416 410 3501 quidem
444 3417 637 3485 emblemata
671 3417 764 3485 obelo
794 3423 988 3485 notaverunt
1019 3416 1178 3499 (lobetus,
1209 3414 1356 3483 Herwer'-

438 3493 980 3518 W

89 3534 207 3613 denus,
240 3535 400 3615 Stahlius,
434 3536 624 3616 Glassenus3
648 3538 721 3621 quis
745 3542 853 3603 antem
875 3542 968 3622 putet
991 3537 1178 3621 scriptorem
1200 3535 1357 3619 interpre-

89 3653 238 3719 tamentis
268 3655 364 3739 plane
395 3676 464 3722 esse
491 3655 685 3722 liberatum?
731 3655 849 3736 Immo,
879 3655 932 3722 hic
954 3656 1020 3722 illic
1043 3675 1081 3722 eo
1105 3653 1260 3721 audaciae
1282 3675 1357 3739 pro·
1386 3702 1413 3733 ,-.
1452 3683 1458 3691 ·
1524 3648 1537 3659 ’“

90 3777 256 3839 cesserunt
288 3772 431 3861 librarii,
465 3780 502 3840 ut
536 3795 612 3840 vera
643 3796 663 3841 a
694 3773 785 3840 falsis
814 3779 925 3841 nostra
957 3779 1063 3841 aetate
1086 3774 1266 3840 discernere
1289 3773 1357 3840 fere

89 3912 296 3976 nequeamus.
342 3891 448 3959 Lubet
482 3893 616 3983 laudare
649 3892 756 3960 locum
790 3892 930 3960 mirabili
965 3893 1058 3960 modo
1094 3892 1357 3960 contaminatum.
1393 3884 1401 3893 ”

89 4010 179 4077 Libri
210 4009 313 4095 quinti
344 4033 369 4078 c.
394 4012 437 4077 25
460 4011 660 4097 Thucydides
684 4012 785 4078 tradit
807 4033 920 4098 pacem
943 4012 1178 4098 quinquaginta
1201 4032 1357 4078 annorum

91 4151 147 4197 sex
176 4137 301 4198 tantum
333 4151 436 4199 annos
466 4137 499 4198 et
529 4132 639 4200 decem
670 4153 796 4199 menses
824 4132 979 4214 valuisse,
1004 4131 1120 4198 deinde
1143 4130 1262 4198 bellum
1286 4151 1357 4197 esse

89 4255 285 4318 renovatum.
325 4250 438 4334 Capite
462 4251 506 4317 26
529 4257 640 4318 noster
662 4250 843 4338 perrexisse
866 4252 1024 4319 traditur:
1047 4251 1222 4332 γέγραφε
1246 4250 1275 4314 δὲ
1295 4249 1356 4314 aa}

90 4375 213 4437 sadra
243 4370 257 4435 ὃ
288 4370 399 4444 αὐτὸς
431 4367 537 4461 (sict)
565 4371 787 4448 Θουκυδίδης
810 4372 1016 4447 Ἀθηναῖος.
1041 4368 1125 4448 ἑξῆς
1148 4371 1190 4444 ὥς
1213 4365 1357 4436 ἕκαστα

1242 4487 1256 4541 1
