3098 4988
5 552 21 587 7

762 319 783 382 2

179 553 258 621 Ibid.
283 554 374 640 Vulg.
400 558 465 628 τοὺς
490 557 701 629 Σελινουντίους
724 558 900 638 πέμψαντες
925 555 1055 621 ἐκέλευον
1077 557 1217 644 οίπαντύον
1240 561 1402 638 στρατιᾷ

136 673 164 745 ἕο
188 698 216 738 τι
239 675 351 755 χωρίον,
386 689 408 742 Β
428 685 664 762 πανστρατιᾷ
680 684 715 744 ut
730 679 823 746 Valla
840 677 1055 766 „Selinuntius
1073 682 1242 760 praeterea
1254 676 1410 760 jussere„

138 795 262 875 „missis
293 795 502 879 quibusdam,
533 798 576 864 ad
604 803 725 864 certum
747 785 852 864 locum
877 797 939 864 sibi
962 817 1127 863 occurrere
1153 816 1225 863 eum
1248 794 1402 862 omnibus

137 913 284 999 „copiis”
330 915 401 983 Etsi
436 921 456 1001 ξ
491 916 512 981 5
548 915 743 983 Selinuntius
778 937 842 982 non
876 922 1062 1000 πανστρατιᾷ
1094 914 1217 981 venisse
1248 893 1403 999 legimus,

134 1038 280 1118 praestat
306 1033 511 1101 nihilominus
533 1035 629 1102 lectio
652 1035 726 1100 libri
748 1048 787 1121 Β,
813 1055 909 1120 quam
932 1035 1104 1103 Classenus
1127 1034 1216 1101 hisce
1241 1032 1402 1100 defendit:

138 1151 262 1232 „Wenn
292 1151 375 1217 auch
407 1152 458 1218 die
488 1152 696 1238 Ausfiihrung
727 1151 765 1242 (ᾗ
796 1154 831 1239 5)
863 1154 966 1221 dieser
996 1152 1184 1237 Fcrderung
1214 1152 1304 1219 nicht
1333 1157 1403 1218 ent·

139 1269 295 1354 ‚‚spricht,
327 1291 363 1337 so
394 1292 459 1338 war
483 1271 565 1338 doch
588 1272 674 1339 diese
696 1274 808 1358 gewiss
832 1271 890 1339 auf
912 1272 982 1338 eine
1006 1276 1152 1355 grissere
1174 1270 1405 1356 Anstrengung

138 1393 371 1474 ,,(τιινστρατιρ”ι)
400 1389 589 1475 gerichtet.''
634 1392 767 1458 Accedit
795 1390 883 1476 quod
912 1388 937 1481 ᾖ
967 1391 988 1456 5
1019 1390 1098 1456 nihil
1129 1390 1170 1456 ad
1194 1389 1400 1456 statuendam

135 1508 302 1577 lectionem
329 1511 420 1597 juvat
427 1537 436 1591 3
468 1511 655 1595 quaestione
685 1511 825 1577 enimin
848 1511 952 1578 medio
975 1509 1090 1576 relicta
1113 1517 1220 1576 utrum
1244 1508 1404 1595 Gylippus

131 1629 280 1713 jussisset
311 1629 506 1698 Selinuntios
537 1630 599 1698 sibi
628 1631 746 1697 auxilie
776 1632 882 1698 venire
912 1636 1099 1714 πανστρατιᾷ
1132 1650 1174 1694 an
1203 1635 1346 1711 στρατιᾷ,
1369 1627 1404 1694 hi

135 1753 222 1816 certe
253 1747 343 1814 ducis
374 1748 528 1816 mandato
553 1747 695 1816 obsecuti
718 1770 783 1815 nen
806 1754 899 1836 sunt,
923 1750 978 1833 qui
1001 1748 1095 1815 modo
1118 1769 1201 1818 τινος
1224 1747 1327 1826 ψιλοὺς
1351 1746 1403 1811 καί

135 1867 244 1941 ίππέιις
279 1867 435 1935 miserunt
466 1889 571 1954 neque
605 1869 704 1953 igitur
739 1889 779 1936 ne
814 1876 939 1954 στρατιᾷ
974 1867 1103 1952 quidem
1136 1867 1306 1941 ιίπανσιίσαι
1339 1865 1405 1933 dici

76 2071 79 2075 .
136 1992 298 2071 pessunt

179 2103 204 2196 §
226 2106 256 2174 4.
279 2106 371 2192 Vulg.
390 2159 420 2176 ..
437 2113 487 2174 τοῦ
503 2108 655 2175 Γυλίππου
673 2106 948 2188 ....προίύμως
971 2108 1161 2178 δοκοῦντος
1185 2105 1293 2182 ἥκειν.
1317 2103 1404 2170 Βίο-

135 2230 248 2299 νοοῦντος
279 2227 427 2307 προίύμως
459 2225 544 2302 ἥκειν.
589 2226 683 2295 Valla
712 2226 890 2314 „Gylippus
913 2226 1046 2313 impigre
1068 2226 1174 2292 venire
1197 2245 1215 2291 e
1238 2222 1411 2290 Lacedae·

137 2365 250 2424 „mone
273 2343 474 2412 videbatur.‘'

179 2459 257 2553 §in
292 2463 384 2549 Vulg.
416 2465 464 2557 καί
496 2465 509 2530 ί
535 2465 590 2542 μὲν
612 2463 761 2536 Γύλιππος
785 2465 945 2543 οίναλαβὼν
968 2470 1024 2530 τῶν
1046 2489 1086 2529 τε
1109 2462 1256 2544 σφετέρων
1279 2466 1402 2528 ναυτῶν.

115 2583 156 2646 ’Β
187 2581 306 2649 emittit
336 2584 456 2669 majore
487 2605 559 2650 eum
592 2584 698 2669 speeie
730 2583 894 2671 copulam,
926 2605 1010 2670 quae
1041 2582 1137 2692 etiam
1160 2580 1248 2668 apud
1273 2580 1403 2647 Vallem

81 2787 82 2791 Ἰ
135 2698 336 2768 desideratur
377 2703 532 2787 „sumptis
562 2703 672 2788 itaque
703 2702 858 2790 Gylippus
890 2724 907 2771 e
936 2723 1066 2770 suorum
1101 2707 1300 2768 armatorum
1335 2699 1401 2783 epi·

138 2818 368 2906 „betarumque
398 2843 547 2911 numero,
573 2844 653 2908 quos
677 2829 875 2908 armaverat,
900 2823 942 2890 ad
967 2819 1216 2907 septingentos''.
1251 2800 1336 2886 Gave
1360 2838 1403 2883 ne

60 3015 62 3020 Ι
134 2945 253 3008 temere
276 2942 393 3027 probes
416 2943 609 3028 particulam
632 2968 681 3029 τε,
707 2963 790 3039 qnae
813 2942 910 3009 etiam
933 2942 965 3006 in
989 2954 1011 3006 Β
1035 2937 1163 3026 saepius
1187 2939 1255 3006 sine
1278 2958 1401 3024 causa,

134 3060 324 3143 praesertim
347 3061 381 3126 in
402 3060 494 3127 libris
517 3061 652 3146 septimo
675 3065 709 3128 et
730 3064 842 3128 octavo
865 3067 916 3126 est
938 3058 1061 3125 addita.
1075 3057 1124 3124 ὀί.
1147 3078 1175 3126 c.
1202 3059 1241 3122 11
1265 3052 1290 3145 §
1314 3057 1344 3122 3.

179 3178 260 3244 Ibid.
295 3178 385 3264 Vulg.
420 3180 575 3262 Ἱμεραίους
606 3181 636 3246 δὲ
666 3181 827 3252 ὁπλίτας
858 3179 991 3260 φιλοὺς
1021 3176 1253 3261 ξυναμφοτὲρους
1284 3176 1426 3267 χιλίους,

135 3297 183 3363 καί
207 3297 316 3371 ἱππέας
339 3298 442 3365 ἑκατὸν
464 3299 526 3364 καί
550 3299 812 3366 Σελινουντίων
835 3300 916 3370 τινύις
938 3298 1041 3379 ψιλοὺς
1065 3297 1114 3362 καί
1139 3295 1259 3368 ἱππέας.
1283 3307 1398 3363 Β....

134 3417 378 3489 ύπλίποιςίοοιί
401 3418 530 3499 ψιλοὺς
654 3420 715 3484 καί
740 3403 1064 3484 Σελινουντίωντέ
1092 3440 1205 3487 τινας.
1238 3413 1400 3482 Vaticano

134 3536 259 3604 tollenti
277 3536 459 3605 barbariem
475 3540 600 3613 ὁπλίτας
615 3539 718 3618 ψιλοὺς
734 3538 822 3605 haud
839 3538 986 3606 dissentit
1002 3536 1098 3604 Valla
1116 3542 1168 3618 „et
1182 3535 1400 3602 Imeraecrum

138 3662 224 3736 „tam
255 3657 331 3725 levis
362 3679 459 3743 quam
489 3679 554 3726 non
586 3659 662 3726 levis
694 3658 909 3726 armaturae.''
955 3656 1110 3743 copulam
1134 3662 1243 3723 autem
1265 3681 1299 3720 σε
1323 3664 1402 3724 ante

134 3801 215 3852 τινας
243 3776 341 3850 mede
371 3779 406 3844 in
429 3791 451 3844 Β
474 3799 659 3864 expressam
684 3779 780 3847 Valla
803 3779 909 3847 omisit
930 3799 1034 3863 neque
1058 3797 1157 3844 causa
1178 3798 1236 3842 cnr
1259 3775 1401 3843 addatur

134 3895 212 3962 mihi
234 3896 383 3981 pellucet.

178 4133 285 4219 Caput
301 4137 328 4204 2
351 4133 375 4227 ἓ
398 4138 429 4204 3.
454 4136 546 4222 Vulg.
569 4137 582 4201 ύ
605 4136 635 4201 δὲ
657 4161 694 4214 γε
717 4137 757 4201 τοὶ
781 4134 866 4212 τότε,
890 4146 912 4199 Β
936 4135 950 4198 e‘
972 4131 1002 4198 δέ
1024 4156 1062 4210 με
1086 4131 1126 4197 τοὶ
1149 4131 1215 4197 τότε
1239 4155 1278 4195 τι.
1325 4129 1400 4197 Non

32 4270 68 4344 ’,ῄ
134 4250 195 4318 nisi
226 4255 343 4321 misera
373 4254 520 4322 lectionis
551 4255 669 4355 rudera
699 4256 732 4320 in
763 4254 854 4321 libris
886 4272 1052 4337 superesse
1082 4252 1155 4336 quis
1182 4257 1231 4318 eet
1254 4249 1311 4335 qui
1334 4271 1402 4318 non

51 4402 54 4406 ·
134 4370 261 4438 videat?
306 4372 420 4439 Vallae
444 4373 541 4439 editio
565 4395 585 4440 a
609 4371 772 4458 Stephano
796 4371 960 4456 recognita
982 4370 1118 4455 praebet
1144 4369 1217 4452 „ille
1243 4388 1340 4453 quum
1364 4370 1401 4437 in
