3098 4988
813 334 857 400 la

202 593 242 637 ιιι
272 569 345 636 dem
375 570 433 637 Vb.
464 571 654 649 ἐπιβήσοιτιιι
684 572 718 636 iu
750 575 897 639 aiisserer
928 571 1126 657 Beziehung,
1152 572 1233 640 doch
1256 595 1317 638 nur
1338 573 1373 638 in
1396 574 1470 641 dem

202 689 411 776 allgemeinen
446 690 559 756 Since:
598 691 682 775 ,und
715 712 749 758 es
780 692 858 760 wird
889 691 1036 758 dadurch
1067 713 1111 759 au
1138 692 1224 759 Bord
1255 693 1326 759 eine
1357 692 1471 778 Menge

202 808 376 876 Menschen
411 830 595 878 zusammen
629 810 814 880 kommen”.
860 812 941 877 Dem
975 811 1065 893 ὄχλος
1103 812 1182 879 aber
1223 811 1372 879 schliesst
1404 811 1471 879 sich

201 927 259 993 der
290 927 538 1014 zweigliedem'ge
568 929 764 997 Relativsatz
794 950 855 1014 an,
888 951 928 996 zu
958 929 1073 997 dessen
1104 929 1244 997 zweitem
1274 928 1388 997 Gliede
1411 951 1469 998 aus

201 1046 274 1112 dem
305 1041 326 1128 ᾧ
356 1045 413 1112 des
444 1051 551 1112 ersten
582 1047 639 1114 der
669 1046 851 1113 Nominativ
883 1044 912 1118 ὃς
945 1069 984 1114 ιιι
1014 1051 1175 1132 ergangen
1205 1048 1248 1114 ist
1270 1048 1343 1133 (vgl.
1368 1070 1408 1115 zu
1434 1052 1469 1136 1,

203 1167 261 1244 10,
285 1169 343 1255 3.).
377 1166 435 1232 Bei
466 1165 571 1233 dieser
602 1163 840 1233 unrweifelhaft
862 1165 1020 1250 richtigen
1044 1165 1319 1252 Satzverbindung
1345 1188 1411 1234 war
1436 1188 1470 1236 es

200 1286 279 1353 aber
312 1284 442 1370 nothig‚
479 1288 560 1351 statt
582 1284 639 1351 des
661 1283 759 1349 kaum
782 1305 820 1350 ιιι
844 1283 1057 1350 erklarenden
1080 1283 1265 1367 πρόσφοροι
1286 1306 1327 1352 ιιι
1350 1285 1470 1355 schrei-

200 1404 263 1472 ben
290 1403 502 1484 πρόσφοροςι
538 1403 597 1488 vgl.
621 1402 692 1469 eine
715 1401 863 1470 thuliche
888 1402 1145 1488 Versohreibung
1167 1403 1224 1470 der
1247 1404 1386 1491 Endung
1413 1407 1470 1474 des

200 1523 272 1610 Adj.
297 1525 336 1610 3,
361 1525 422 1602 53,
447 1523 502 1589 2”.
525 1522 672 1590 Classeni
695 1521 951 1590 emendationem
973 1522 1155 1589 testimonio
1172 1521 1341 1590 confirmat
1356 1523 1469 1592 Valla:

200 1641 283 1708 Nam
314 1641 472 1725 sagittarii
501 1640 653 1725 permulti
683 1647 780 1724 atque
807 1641 1005 1726 jaculatores
1035 1641 1068 1705 iu
1099 1659 1196 1706 naves
1220 1640 1414 1722 ascendent,
1438 1648 1470 1708 et

199 1765 311 1826 tanta
333 1760 524 1826 hominum
548 1759 772 1838 multitudo,
796 1765 936 1844 quanta,
961 1763 1143 1845 pugnantes
1167 1759 1293 1842 quidem
1317 1760 1351 1824 iu
1365 1760 1470 1826 libero

200 1878 297 1964 mari,
322 1899 386 1944 non
410 1883 571 1945 uteremur
694 1877 827 1944 sedhic
850 1875 986 1944 lutura
1014 1882 1074 1944 est
1096 1878 1208 1945 utilis
1231 1877 1323 1962 sqq'’.

244 1997 319 2079 53.
352 1995 440 2082 Vulg.
474 1995 593 2076 ηὕρηται
627 1996 651 2061 δ’
675 1999 744 2073 ημῖν
778 1994 842 2061 ὅσα
876 1999 924 2071 μη
954 1997 1319 2080 οέιπιιαιιτηηεΐσθαι,
1351 1994 1470 2078 quibus

201 2114 305 2182 verbis
328 2114 477 2183 inanibus
493 2117 640 2183 medetur
654 2115 681 2180 B
697 2115 815 2196 ηὕρηται
832 2116 857 2181 δ’
876 2120 944 2193 ἡμῖν
957 2115 1022 2180 ὅσα
1045 2117 1113 2196 χρὴ
1136 2117 1389 2193 οὶιτιιαιιπηγῆ
1396 2138 1469 2179 σαι.

201 2232 253 2300 Sic
284 2235 380 2301 etiam
412 2234 524 2303 Valla:
561 2235 840 2321 „Excogitavimus
870 2239 1039 2321 praeterea
1069 2234 1136 2301 alia
1163 2255 1246 2318 quae
1277 2234 1312 2299 in
1334 2233 1469 2336 navibus

202 2351 404 2421 aedificanda
434 2352 558 2421 forent’‘
582 2355 645 2420 nisi
667 2353 766 2434 forte,
796 2360 833 2420 ιιι
854 2359 950 2440 putat
971 2353 1102 2439 Poppo,
1127 2352 1206 2419 satis
1229 2359 1306 2437 apte
1329 2373 1350 2417 a
1373 2351 1469 2418 Valla

200 2471 297 2537 etiam
320 2493 379 2557 pro
401 2471 457 2538 ὅσοι
480 2472 646 2558 legebatur
668 2471 753 2537 ἄλλοι
777 2498 810 2538 πε
832 2470 905 2550 ὅσοι,
936 2471 1023 2556 qnod
1046 2469 1278 2538 Herwerdenus
1293 2471 1328 2535 in
1343 2475 1469 2538 textum

201 2591 331 2674 recepit.

244 2712 265 2789 ὅ
289 2711 319 2773 3.
350 2702 425 2791 ᾧπερ
455 2707 592 2783 μάλιστα
622 2708 855 2795 ἕβλαπτόμεθα,
889 2709 1004 2775 Bnon
1036 2707 1199 2792 eleganter
1231 2707 1469 2783 anteactarum

200 2823 277 2909 legit
307 2825 357 2912 a,
382 2825 472 2892 cuius
498 2825 677 2910 particulae
702 2826 869 2911 vestigium
895 2831 1041 2910 superest
1064 2824 1186 2890 nullum
1210 2825 1298 2910 apud
1321 2824 1468 2910 Vallem,

200 2943 311 3027 quiin
333 2943 452 3010 talibus
475 2964 541 3011 non
563 2965 682 3029 magna
704 2965 778 3010 cum
801 2942 965 3029 diligentia
987 2948 1037 3009 est
1059 2948 1216 3010 versatus.

245 3063 320 3144 54.
351 3061 442 3147 Vulg.
472 3071 524 3138 τῆς
548 3071 605 3140 γῆς
726 3063 871 3140 πολεμίας
894 3062 1008 3138 οὔσης.
1054 3061 1187 3128 Praeter
1209 3062 1294 3137 οὔσης
1317 3062 1344 3127 Β
1368 3061 1466 3128 etiam

201 3178 331 3246 exhibet
359 3179 566 3264 participium
596 3178 740 3247 futurum
769 3182 955 3267 ἐσομένης,
988 3180 1076 3264 quod
1100 3179 1194 3246 Valla
1217 3200 1346 3264 quoque
1369 3179 1465 3247 vidit:

205 3317 323 3380 ,quum
346 3302 432 3364 terra
454 3296 565 3363 futura
588 3298 631 3364 sit
652 3297 805 3364 hostilis'’.
848 3295 955 3365 Habet
979 3297 1101 3381 aliquid
1125 3317 1188 3382 quo
1212 3318 1245 3363 se
1269 3297 1470 3364 commendet

201 3415 354 3493 ἐσομένηςε
382 3414 548 3495 „omnibus
571 3415 691 3482 viribus
715 3424 876 3483 certamen
898 3416 1031 3498 ineatis,
1057 3417 1162 3501 inquit
1188 3416 1313 3503 Nicias,
1338 3435 1470 3483 necesse

203 3541 268 3614 est,
301 3538 334 3600 et
367 3539 404 3599 ut
433 3554 537 3618 neque
569 3534 631 3619 ipsi
661 3534 702 3600 ab
733 3533 841 3601 hostili
873 3535 975 3601 classe
998 3534 1195 3618 resiliamus,
1225 3555 1330 3618 neque
1353 3534 1425 3601 illos
1450 3557 1471 3604 a

202 3658 314 3718 nostra
347 3652 470 3718 resilire
503 3653 743 3738 permittamus,
778 3653 838 3721 hoo
873 3653 965 3721 nobis
1000 3653 1077 3719 utile
1112 3673 1184 3720 esse
1213 3658 1356 3734 constat,
1393 3655 1471 3738 quia

202 3790 403 3856 quocumque
427 3769 603 3857 effugeritis
626 3773 659 3840 in
682 3773 831 3841 hostilem
853 3774 1016 3858 regionem
1039 3773 1170 3841 venietis
1189 3775 1224 3859 ¹).

248 4006 354 4093 Caput
376 4008 419 4074 63
450 4013 470 4092 5
498 4011 526 4075 1.
558 4008 651 4094 Vulg.
684 4010 742 4092 χρη
858 4009 1063 4089 ξυμπεσούσης
1094 4008 1136 4084 νηὶ
1168 4009 1233 4082 νεὼς
1264 4010 1307 4088 μη
1337 4009 1471 4092 πρότερον

203 4124 301 4204 ἄξιοι
334 4127 512 4195 cicatriculae
549 4129 566 4204 ἢ
599 4131 665 4202 τοὺς
700 4131 761 4196 ἀπὸ
795 4137 845 4197 τοῦ
879 4130 1019 4209 πολεμίου
1053 4128 1306 4210 καταστρώματος
1341 4129 1471 4204 ὁπλίτας

237 4396 266 4462 l)
283 4397 316 4448 cl.
333 4411 355 4447 c.
372 4395 406 4447 63
423 4397 436 4461 ἓ
454 4397 467 4446 1
486 4401 535 4460 χρὴ
551 4391 585 4457 μῆ
602 4392 742 4461 Ιξιιιτῗσιιιο
758 4401 783 4457 lc
800 4394 888 4454 αισιὶι.
