3098 4988
695 327 759 392 109

129 558 237 645 Caput
261 560 304 628 86
327 558 352 652 ξ
377 563 404 629 l.
436 562 528 649 Vulg.
556 560 603 636 οὓς
626 564 694 631 πόσε
717 565 859 646 ἓπεμψοιν
884 567 1177 647 πιιριιμνθνσομένονς
1202 570 1250 632 aui
1275 569 1358 632 οὶνοι·

81 680 314 759 διδάξοντες.
359 683 397 749 In
427 685 454 751 B
483 685 601 753 absunt
630 685 727 753 verba
754 687 804 752 aei
828 686 1057 765 domistationem
1065 735 1075 767 ,
1099 707 1183 772 quae
1207 692 1314 754 autem
1339 708 1359 752 a

81 800 180 868 Valla
203 821 332 887 quoque
354 802 502 888 neglecta
525 824 595 871 esse
619 804 720 872 video.
751 805 834 885 Quid
859 807 901 873 sit
923 807 1106 873 ιὶνονδιδνὶσκο
1122 828 1187 873 non
1205 806 1293 873 dictu
1310 813 1359 873 est

80 921 181 990 facile
211 928 245 990 ct
275 927 408 1008 propter
436 922 583 990 Vaticani
614 923 688 990 libri
712 923 889 1009 Vallaeque
913 945 1103 991 consensum
1126 925 1354 1003 araldellorum

81 1064 125 1111 ex
154 1064 184 1110 c.
216 1044 260 1109 72
289 1042 314 1135 ᾖ
340 1043 355 1108 l
388 1043 451 1111 huc
472 1044 628 1112 insertum
653 1051 740 1130 puto.
779 1044 889 1112 Valla:
916 1065 1017 1130 „quos
1034 1094 1041 1111 .
1056 1096 1063 1111 .
1076 1093 1085 1112 .
1099 1096 1106 1112 .
1122 1046 1294 1113 mittebant
1316 1046 1359 1113 ud

81 1161 315 1231 demulcendos
338 1184 412 1242 eos,
437 1164 493 1248 qui
517 1162 604 1231 Sami
627 1163 753 1232 erant’'.

130 1278 155 1372 ξ
177 1282 207 1348 3.
232 1281 323 1367 Vulg.
346 1281 474 1360 γένοιτο,
499 1294 521 1347 Β
543 1284 674 1362 γίγνοιτο
696 1304 882 1368 perperam,
908 1288 944 1349 ut
968 1282 1111 1350 Stahlius
1137 1283 1239 1351 docet.

130 1400 212 1469 Ibid.
244 1400 336 1488 Vulg.
367 1400 472 1479 ἒξεῖνοιι
502 1403 579 1489 γὰρ,
611 1402 661 1469 ὅτε
684 1403 894 1481 ἕσέβοιλλον
921 1405 972 1481 ἤδη
996 1410 1079 1484 σφῶν
1103 1406 1252 1485 ἀρχόντων
1276 1411 1360 1470 τοῦτο

83 1532 226 1608 rostram
250 1535 272 1589 Β
296 1523 498 1604 ἐσέβαλον,
526 1523 612 1609 quod
636 1523 703 1591 iere
727 1525 944 1592 necessarium
968 1546 1038 1592 esse
1062 1525 1194 1591 dixerim
1218 1532 1316 1609 atque
1340 1547 1361 1591 a

81 1641 183 1708 Valla
213 1641 375 1708 redditum
406 1649 505 1727 puto:
532 1643 678 1723 „licuisse
702 1644 803 1729 enim,
828 1664 927 1728 quum
956 1643 1058 1710 hostis
1082 1644 1124 1710 ad
1148 1642 1261 1709 urbem
1286 1643 1359 1710 sub-

80 1760 189 1838 iisset,
216 1760 279 1827 sibi
300 1760 334 1826 id
357 1758 483 1846 facere,
511 1761 568 1846 qui
591 1761 712 1829 ciuitati
736 1760 953 1848 praeessent’'.

130 1878 154 1970 ᾖ
178 1881 209 1947 ‘ie
241 1879 333 1965 Vulg.
363 1881 414 1946 κοοὶ
445 1881 533 1947 ἐδόκει
556 1880 747 1958 Ἀλκιβιάδης
771 1887 910 1963 πρῶτος
935 1882 1002 1949 τότε
1027 1883 1077 1948 aui
1100 1883 1208 1956 οὐδενὸς
1234 1884 1358 1949 ἔλοοσσον

82 2003 140 2076 σὴν
174 2001 260 2066 πόλιν
295 2003 458 2083 ὠφελῆσον.
509 2013 532 2066 Β
565 2006 713 2079 πρῶτον.
756 2000 893 2068 Omnino
933 2002 1075 2068 dandum
1115 2009 1164 2069 est
1203 2003 1359 2070 Classeno

80 2119 172 2187 ἐδόκει
207 2119 348 2205 speciem
377 2118 498 2186 habere
528 2119 668 2186 nullam:
711 2140 765 2199 „es
796 2119 898 2199 kann,
930 2120 988 2186 wie
1018 2119 1070 2186 ioh
1101 2120 1236 2206 glouba,
1269 2122 1361 2187 nicht

80 2260 146 2306 von
169 2239 228 2306 der
250 2238 460 2326 Beurteilung
482 2261 542 2307 von
565 2238 760 2307 Alkibiades’
783 2239 847 2306 Rat
869 2261 926 2304 zur
941 2238 1027 2316 Zeit,
1052 2238 1095 2306 da
1110 2260 1145 2307 er
1160 2239 1216 2305 ihn
1234 2241 1360 2307 crteilte

80 2359 219 2446 (ἐδόκει),
243 2359 296 2426 die
319 2359 419 2426 Rede''
432 2359 528 2426 sein''.
575 2359 678 2437 Quum
708 2359 890 2443 opinionem
913 2358 1005 2425 valde
1028 2358 1230 2443 probabilem
1254 2359 1361 2426 reddit

79 2477 196 2565 Valla,
229 2478 285 2562 qui
316 2478 414 2545 etiam
437 2498 591 2562 praesens
615 2478 759 2545 exhibet:
785 2478 856 2564 „lbi
881 2477 1062 2544 Alcibiades
1086 2478 1208 2562 primus
1232 2477 1357 2544 uidetur

79 2604 161 2666 tunc
184 2598 225 2666 de
248 2597 356 2683 patria
378 2599 460 2665 benc
482 2596 583 2665 fuisse
606 2599 755 2684 meritus,
780 2598 882 2665 etita
905 2602 941 2663 ut
963 2618 1057 2664 nemo
1081 2595 1215 2683 magis'’.
1269 2598 1359 2676 Quod

80 2724 191 2787 autem
226 2719 276 2785 vir
310 2719 424 2786 doctus
461 2722 588 2786 secutus
623 2723 672 2785 est
702 2718 729 2783 Β
758 2718 791 2783 in
823 2717 912 2784 uaria
943 2717 1079 2784 lectione
1102 2721 1232 2798 πρῶτον,
1266 2717 1359 2783 aliter

80 2839 187 2907 sentio
194 2865 204 2918 ;
237 2838 384 2925 equidem
417 2860 488 2906 oum
517 2838 663 2923 emphasi
685 2837 902 2924 Thucydidem
927 2858 1061 2903 narrare
1085 2837 1241 2904 arbitror:
1276 2837 1359 2903 Alci·

78 2959 197 3026 biades
222 2958 347 3026 videtur
368 2958 424 3025 illo
448 2957 603 3043 temporis
626 2961 746 3043 puncto
769 2978 852 3023 unus
876 2956 1017 3022 omnium
1042 2956 1178 3022 maxime
1201 2962 1234 3022 et
1257 2955 1304 3020 ita
1320 2960 1357 3020 ut

79 3101 176 3146 nemo
208 3079 311 3164 magis
341 3079 415 3145 usui
446 3078 545 3145 fuisse
570 3078 715 3144 Athenis.
762 3077 890 3143 Etenim
914 3083 1022 3155 πρῶτος
1047 3082 1080 3142 et
1102 3074 1209 3146 οὐδενὸς
1232 3075 1357 3140 ἒλνσσον

78 3200 163 3266 duco
187 3217 383 3286 synonymo,⁸
415 3218 552 3283 quorum
577 3199 713 3265 alterum
737 3196 869 3263 alteriue
893 3195 1070 3281 amplificat
1091 3195 1293 3280 gravitatem.
1316 3195 1356 3259 ci.

79 3341 107 3386 o.
132 3320 175 3386 90
197 3317 223 3410 ξ
248 3320 266 3384 1
291 3320 504 3401 Ἀρίσταρχος,
537 3319 606 3399 ἀνὴρ
640 3320 668 3383 ἕν
692 3324 751 3389 σοῖς
774 3315 911 3393 μάλισποι
936 3315 985 3380 uei
1010 3316 1042 3381 ἒκ
1065 3316 1205 3381 πλείστου
1229 3315 1357 3386 ε’νοινπίος

78 3437 123 3520 τῷ
145 3438 237 3520 ttae·

126 3557 149 3650 ξ
172 3559 202 3626 5.
225 3558 317 3645 Vulg.
341 3562 443 3633 ἐκεῖνος
468 3560 497 3625 δὲ
520 3566 571 3626 τοῦ
594 3563 622 3626 π’
644 3562 770 3625 ἐπίπλου
793 3557 954 3638 ποιύσοος;
977 3556 1004 3621 Β
1028 3560 1115 3623 recte
1138 3556 1296 3635 ἔπονσε,
1319 3561 1357 3621 ut

80 3676 191 3744 Valla:
219 3678 293 3758 „ille
318 3684 350 3746 et
466 3702 486 3746 a
509 3680 688 3765 navigando
713 3676 883 3745 cohibuit''.

125 3794 149 3887 ξ
172 3797 202 3862 6.
227 3796 320 3884 Vulg.
343 3799 569 3881 ἀποκρινάμενος
593 3801 691 3871 αὐτοῖς
716 3798 895 3874 οὲπέπεμπεν
919 3794 961 3861 ὅτι
985 3794 1051 3867 τοὺς
1073 3795 1126 3871 μὲν
1142 3816 1354 3872 πεντοικισχισ-

79 3921 157 3994 atuor
180 3923 212 3988 οὐ
237 3890 365 3985 κωλύει
388 3915 508 4001 alexium
531 3931 553 3984 Β
576 3918 695 3997 κωλύοι,
720 3918 805 4001 quod
829 3937 894 3982 non
918 3914 1074 4000 displicet
1098 3913 1147 3979 Ex
1163 3912 1257 3980 Valla
1273 3909 1353 3974 nihil

80 4043 235 4128 pellucet:
263 4060 318 4121 „ee
342 4040 483 4124 quinque
507 4038 596 4104 milia
617 4037 747 4122 quidem
772 4057 792 4102 a
815 4035 1045 4121 gubernatione
1068 4054 1133 4099 non
1149 4027 1351 4118 prohibere’'.

125 4161 205 4228 Ibid.
229 4157 321 4245 Vulg.
352 4157 516 4224 ἕκέλενεν
547 4157 817 4236 ἀπαλλάσσειν,
851 4154 1155 4223 Βοὶποολλοέσσειν
1178 4156 1350 4221 ἕκέλενεν.

81 4279 188 4348 Valla:
217 4278 491 4364 „quadringentos
515 4284 623 4346 autem
646 4283 682 4343 ut
705 4283 890 4344 amoverent
910 4274 1054 4362 jubere''.

125 4397 203 4490 57.
228 4397 322 4482 Vulg.
346 4400 362 4472 ἢ
385 4398 501 4474 ἐκεῖνοι,
526 4409 547 4462 Β
573 4397 589 4473 ἢ
616 4403 716 4475 κεῖνοις
741 4395 911 4480 legendum
935 4395 1059 4460 videtur
1083 4392 1099 4467 t
1125 4396 1229 4459 ’κεῖνοι
