3098 4988
816 340 860 404 62

215 622 220 631 ·
249 579 329 647 Ibid.
361 594 383 646 B
408 580 457 646 sal
482 580 603 662 Ἀρκνὲσν
627 578 712 666 δέκα,
738 586 851 646 contra
874 578 1143 663 computationem
1167 598 1309 645 summae
1327 577 1473 657 navium,

204 705 241 766 ut
264 698 407 766 Stahlius
431 700 534 766 docet.

249 933 353 1019 Caput
370 936 392 1000 4
415 942 435 1020 ξ
454 938 483 1005 1.
507 935 600 1022 Vulg.
616 939 701 1016 ἐντῷ
716 944 839 1019 χειμῶνι
855 937 956 1023 τούτῳ,
980 951 1002 1003 Β
1021 939 1049 1001 ἐν
1064 939 1104 1015 τῷ
1121 937 1215 1016 αὐτῷ
1231 940 1353 1016 χειμῶνι
1370 933 1471 1015 τούτῳ.

204 1054 286 1132 Quia
311 1056 381 1140 jam
409 1057 575 1140 superiore
600 1056 706 1140 capite
729 1055 858 1122 uberius
882 1055 921 1120 de
943 1056 999 1136 iis,
1032 1075 1114 1140 quae
1142 1056 1204 1122 hae
1230 1055 1334 1121 hieme
1361 1060 1473 1138 gestae

204 1179 291 1251 sunt,
307 1175 403 1240 rebus
420 1174 572 1240 disseruit
588 1173 736 1257 scriptor,
752 1173 839 1239 haud
855 1174 938 1240 male
955 1174 1083 1240 additur
1100 1177 1194 1256 αὐτῷ,
1213 1195 1276 1258 quo
1294 1174 1473 1241 sententiae

203 1292 419 1379 significantia
442 1311 571 1375 quoque
596 1296 760 1375 augeatur.
805 1291 917 1358 Valla:
949 1312 1026 1376 „per
1047 1292 1132 1358 hane
1154 1293 1279 1377 ipsam
1301 1292 1471 1361 hiemem.”

247 1410 328 1477 Ibid.
351 1410 444 1495 Vulg.
467 1409 495 1474 sl
516 1410 571 1476 σού
596 1434 642 1490 σν,
668 1423 689 1475 Β
713 1408 741 1474 εἴ
760 1410 790 1475 σι’
811 1434 875 1476 κον.

247 1530 329 1596 Ibid.
354 1530 449 1614 Vulg.
473 1527 712 1615 ξασσεαλόαενσν,
737 1528 765 1592 Β
788 1534 862 1595 aute
886 1529 1088 1614 participium
1113 1530 1197 1596 male
1220 1530 1333 1597 inserit
1357 1531 1393 1596 ei.

248 1649 354 1733 Gaput
385 1649 406 1714 5
437 1646 461 1738 ξ
496 1651 523 1712 1.
558 1647 819 1714 Animadvertere
850 1649 942 1714 velim
973 1669 1037 1715 non
1065 1669 1140 1716 vera
1163 1650 1269 1716 dicere
1292 1648 1472 1729 Stahlium,

203 1767 258 1853 qui
289 1766 382 1833 obelo
415 1770 530 1832 notans
560 1771 615 1830 τῶν
642 1768 800 1841 Ἀθηναίων
824 1766 918 1832 docet
940 1767 1068 1833 Vallem
1092 1767 1236 1834 omisisse
1258 1767 1340 1834 haec
1363 1767 1471 1834 verba.

203 1886 303 1952 immo
327 1891 457 1953 exstant
480 1886 566 1970 apud
590 1884 718 1951 Vallam
735 1905 839 1969 neque
856 1891 1024 1970 tantopere
1038 1886 1209 1970 languent,
1227 1892 1264 1952 ut
1279 1885 1471 1952 damnentur

203 2027 335 2074 necesse
367 2006 416 2073 sit.
464 2005 550 2071 Alibi
581 2006 759 2071 sexcenties
790 2005 892 2089 magis
916 2004 1105 2071 offendimur
1128 2003 1309 2071 nominibus
1333 2005 1471 2089 propriis

204 2131 335 2210 praeter
357 2126 456 2190 ullam
481 2124 704 2190 necessitatem
727 2123 845 2190 additis
868 2123 1067 2207 iteratisque.

248 2243 273 2335 ξ
297 2247 327 2309 2.
362 2243 455 2328 Vulg.
478 2241 554 2313 ds..
571 2290 601 2309 ..
626 2250 710 2307 κλεῖν
736 2242 863 2328 ἔμελλε,
890 2255 911 2307 Β
936 2245 972 2314 ὡς
995 2263 1173 2327 perperam.
1202 2240 1313 2308 Valla:
1340 2243 1416 2326 „qui
1439 2243 1472 2307 in

206 2364 371 2430 Euboeam
395 2363 499 2428 iturus
524 2360 623 2428 erat.''

249 2482 273 2574 ξ
297 2485 326 2548 3.
349 2482 442 2568 Vulg.
467 2483 543 2564 ἔχων
566 2484 617 2557 τὴν
641 2482 703 2559 μεθ’
728 2483 846 2559 ἑαυτοῦ,
871 2483 897 2546 Β
921 2502 1068 2565 perverse
1091 2485 1190 2548 αὐτοῦ.

250 2601 333 2669 Ibid.
369 2600 462 2686 Vulg.
493 2601 614 2678 δύναμιν
646 2599 705 2679 νσὶρ
737 2601 813 2680 ἔχων
846 2599 951 2672 αὐτὸς
979 2601 1167 2681 ἑκασταχόσε
1190 2600 1274 2672 δεινὸς
1299 2610 1405 2680 παρῆν.
1449 2612 1471 2664 Β

204 2721 285 2793 εὐθύς
316 2741 374 2804 pro
404 2720 502 2790 αὐτόν.
549 2717 721 2802 Vulgatam
745 2717 823 2783 ferri
836 2738 910 2784 non
932 2738 1027 2801 posse
1050 2718 1138 2785 haud
1161 2720 1298 2786 libenter
1321 2719 1470 2804 dixerim5

206 2845 348 2906 attamen
379 2837 557 2903 Vaticanus
589 2842 756 2919 praestare
787 2835 927 2922 videtur,
952 2837 1028 2921 quia
1051 2836 1241 2918 ἑκασταχόσε
1265 2837 1377 2904 melius
1401 2858 1472 2903 oum

206 2969 297 3039 παρῆν
322 2958 461 3043 quadrat
484 2961 613 3041 recepto
640 2976 737 3039 quam
753 2957 870 3022 omisso
887 2957 1036 3023 adverbio
1056 2958 1151 3036 εὐθύς,
1168 2978 1232 3042 quo
1248 2958 1345 3024 etiam
1362 2977 1471 3042 eausa,

205 3082 338 3162 propter
355 3096 452 3159 quam
467 3073 543 3159 Agis
556 3074 641 3146 δεινὸς
654 3080 748 3159 esset,
762 3074 971 3160 significatur.
988 3076 1084 3142 Valla
1095 3077 1253 3144 consentit
1264 3076 1307 3144 B:
1328 3076 1474 3161 „Quippe

206 3197 329 3264 habens
353 3195 545 3280 exercitum,
570 3194 752 3279 protinus
776 3195 956 3279 ubicunque
972 3195 1108 3275 libebat,
1123 3195 1314 3280 imperiosus
1331 3192 1472 3262 aderat’'

251 3321 271 3398 ξ
302 3316 331 3380 5.
362 3313 456 3398 Vulg.
488 3315 658 3394 ὑπισχνεῖτο
681 3315 787 3395 τροφὴν
811 3313 952 3394 παρέξειν.
999 3315 1186 3398 Interpretis
1210 3335 1339 3380 manum
1363 3335 1473 3400 repre·

208 3435 330 3499 hendas
364 3433 397 3498 in
426 3433 473 3510 B,
508 3430 562 3496 ubi
593 3436 668 3497 ante
699 3432 806 3511 τροφὴν
837 3432 992 3498 insertum
1024 3439 1074 3499 est
1103 3432 1196 3499 futile
1219 3431 1475 3500 additamentum

209 3556 318 3632 ἱκανὴν,
350 3553 440 3619 cuius
472 3551 556 3617 vocis
588 3550 678 3616 νοθεία
703 3551 886 3634 agnoscitur
908 3549 1019 3615 Vallae
1042 3550 1325 3637 interpretatione,
1353 3552 1476 3636 inqua

213 3670 375 3755 „affatim”
398 3672 417 3737 i.
442 3692 470 3738 e.
494 3672 592 3743 ἱκανὴν
617 3668 748 3735 cursivis
771 3669 886 3735 litteris
910 3688 1095 3754 expressum
1120 3671 1169 3737 sit.

255 3789 337 3856 Ibid.
362 3789 456 3873 Vulg.
480 3789 644 3871 ἀφεστῶσα
667 3786 730 3866 περὶ
754 3787 873 3872 Καρίαν,
898 3793 985 3854 recte
1002 3794 1038 3855 ut
1053 3787 1162 3855 Valla:
1185 3789 1373 3874 „perfugam
1391 3789 1478 3856 circa

211 3909 349 3976 Uariam.
372 3908 400 3972 B
423 3909 471 3973 τα
495 3908 568 3986 περί.

256 4026 336 4092 Ibid.
358 4024 449 4109 Vulg.
469 4024 485 4100 ἢ
502 4024 596 4103 ζῶντα
612 4021 691 4099 ἄξειν
706 4023 723 4099 ἢ
739 4023 926 4090 araxases.
951 4025 1166 4092 Herwerdeuo
1182 4032 1314 4093 auctore
1333 4025 1476 4093 Stahlius

213 4144 428 4212 neeessariam
451 4142 518 4209 lere
540 4139 792 4209 emendationem
808 4143 976 4208 ακακσενεῑν
992 4144 1026 4209 in
1042 4151 1163 4212 textum
1180 4147 1316 4230 recepit;
1333 4144 1479 4212 futurum

213 4284 234 4330 a
264 4262 359 4329 Valla
380 4282 510 4347 quosue
531 4264 740 4328 usmetum:
775 4265 853 4341 „aut
874 4266 1080 4346 excepturum
1102 4263 1223 4344 vivum,
1247 4270 1305 4330 aut
1326 4263 1479 4330 interlec-

212 4380 347 4449 turum''.
