3098 4988
752 323 791 387 17

139 582 308 646 vesperum
331 582 349 628 e
371 561 553 629 Chalcidice
575 561 726 629 Euboeae
749 563 876 648 trajecit
900 558 1082 645 Euripum'’.
1106 557 1246 626 Finitum
1272 555 1405 622 verbum

136 685 169 747 et
191 682 407 766 interpunctio
422 682 548 768 plenior
562 681 693 759 laoiunl,
711 687 748 748 nt
763 680 889 748 Vallam
906 680 1023 748 vidisse
1039 684 1220 747 statuamus
1236 676 1407 756 διέπλευσε,

134 801 222 884 quod
252 801 287 867 in
317 813 339 868 Β
370 806 504 887 propior
530 823 666 888 sequens
688 802 884 880 ἀποβιβάσας
908 800 996 869 haud
1019 799 1158 866 feliciter
1181 819 1201 865 a
1224 802 1406 864 correctore

135 918 170 984 in
195 919 401 1005 participium
425 923 581 987 mutatum
606 926 664 988 eei

182 1037 207 1129 ξ
231 1041 261 1105 3.
290 1038 382 1125 Vulg.
413 1040 600 1124 ιθοθζεπο,
631 1054 653 1107 Β
676 1042 870 1119 consecro,
894 1040 1013 1107 rectius
1036 1043 1069 1105 et
1092 1059 1131 1104 ex
1154 1059 1215 1104 usu
1238 1035 1405 1121 scriptoris

137 1157 277 1238 dictum3
300 1159 345 1225 sic
367 1167 400 1227 et
422 1160 532 1228 Valla:
558 1160 764 1248 „subsedit
787 1166 862 1228 ante
886 1159 1037 1226 Mercurii
1063 1155 1201 1225 fanum”.

182 1275 263 1343 Ibid.
294 1277 384 1362 Vulg.
414 1275 482 1356 οἶμοι
512 1278 540 1344 δὲ
571 1289 608 1361 τῇ
641 1279 733 1364 ἡμέρᾳ
764 1291 801 1363 τῇ
831 1282 914 1345 πόλει
941 1279 1103 1359 προσέκειτο
1126 1279 1212 1358 orlon
1235 1278 1407 1363 μεγοθλιι,

135 1408 157 1460 Β
181 1393 269 1477 οθος
292 1395 328 1460 οὐ
352 1394 513 1479 oceano.
561 1395 673 1465 Valla:
701 1418 857 1484 „eamque
880 1399 940 1465 etsi
963 1398 1144 1484 magnan’.
1190 1397 1286 1463 Valla
1308 1416 1407 1480 nega·

135 1516 256 1584 tionem
288 1536 352 1582 non
380 1515 477 1597 vidit,
491 1523 698 1603 ‘quapropter
722 1519 944 1604 participiumi
969 1525 1006 1586 ut
1029 1518 1253 1585 animadvertit
1277 1517 1406 1602 Poppo,

135 1658 196 1721 per
228 1633 344 1716 „etei”
376 1635 477 1703 solvit.
523 1637 684 1723 Imprimis
708 1637 860 1706 Straboni
879 1638 923 1722 l)‚
948 1639 1003 1723 qui
1026 1638 1239 1725 Mycaleesum
1263 1635 1409 1721 appellat

136 1755 236 1832 κώμην
258 1764 311 1831 πῆς
334 1738 541 1836 Termonin,
564 1758 677 1824 cedere
701 1757 872 1845 Vulgatam
895 1763 1032 1843 oportet.
1081 1758 1280 1842 Quamquam
1304 1759 1408 1823 restat

137 1874 311 1977 ‹lifficultas
342 1873 499 1942 Vaticano
531 1897 552 1942 a
583 1875 730 1945 Goellero
762 1878 906 1964 objecta:
943 1879 1065 1960 „Quum
1095 1879 1236 1945 rationes
1259 1874 1312 1941 hic
1335 1873 1408 1941 red·

137 1993 274 2072 dantur,
307 2015 362 2060 our
393 2000 461 2062 tam
490 1994 585 2062 facile
617 1996 690 2081 capi
721 1996 799 2063 urbe
832 1998 991 2083 potuerit,
1024 1997 1103 2064 illud
1134 1997 1167 2084 (i.
1200 2017 1227 2062 e.
1263 1993 1407 2079 vulgata)

137 2115 251 2200 ulique
274 2137 382 2182 verum
405 2116 559 2183 videtui-’t

167 2232 264 2300 lbid.
297 2234 391 2320 Vulg.
423 2235 472 2300 ιιοο)
505 2235 582 2315 cipri
703 2237 844 2301 ἐπιπεσὼν
969 2233 1188 2314 ἀπροσδοκήτοις
1212 2234 1254 2310 μὴ
1278 2229 1315 2296 θοι
1339 2231 1409 2297 ποτέ
1528 2247 1529 2251 ’

138 2378 222 2419 πιιοι
246 2354 346 2441 rollo-ru
369 2354 430 2420 οὶπθ
453 2354 605 2431 θοιλοθσπιις
628 2361 761 2422 τοιοῦτον
784 2353 1084 2438 enormiorem
1107 2353 1268 2437 ἕπιθέπθοοι,
1288 2364 1310 2417 Β

138 2497 222 2546 πιιοις
347 2474 620 2552 ἕποιιοοβοθιποος
650 2475 803 2542 ἐπιθέσθαι.
852 2475 1060 2551 Vaticanum,
1088 2493 1182 2558 quem
1206 2491 1315 2538 omnes
1340 2469 1408 2536 fere

139 2591 200 2658 viri
231 2592 316 2660 docti
348 2598 423 2661 eunt
454 2594 571 2680 secuti,
603 2595 700 2662 etiam
732 2595 827 2662 Valla
850 2599 972 2661 tuetur:
1001 2599 1055 2681 „et
1077 2593 1156 2659 nihil
1181 2592 1285 2658 minue
1309 2609 1405 2675 quam

139 2709 268 2795 aliquos
293 2731 433 2797 unquam
459 2733 479 2778 a
501 2712 583 2779 mari
606 2718 733 2780 tantum
757 2713 882 2780 facinus
905 2735 1040 2781 ausuros
1065 2709 1295 2800 suspicantee’'.

186 2828 210 2919 ᾗ
241 2833 270 2897 4.
301 2831 393 2919 Vulg.
426 2831 540 2905 ποιῖδοις
568 2833 618 2899 nal
642 2841 803 2918 γυιοῖιιοις,
829 2834 926 2901 Valla
951 2852 1153 2921 „puerosque
1176 2852 1215 2898 ac
1237 2827 1408 2897 feminae”.

140 2965 162 3017 B
189 2959 334 3028 γυιπθκοος
356 2953 406 3018 cci
431 2953 556 3026 ποιῖδοος.
698 2964 700 2968 ‘

187 3070 269 3137 Ibid.
294 3071 384 3156 Vulg.
409 3072 442 3137 πθ
465 3072 524 3154 yolo
547 3071 629 3149 γένος
651 3073 686 3137 πθ
708 3079 764 3138 τῶν
787 3078 923 3160 Θρᾳκῶν,
948 3086 969 3138 Β
993 3073 1097 3139 altero
1121 3071 1154 3136 πθ
1178 3073 1276 3137 caret.

186 3187 211 3279 ξ
235 3191 266 3259 5.
297 3189 390 3277 Vulg.
419 3190 524 3272 ἔποχον
547 3192 576 3256 ol
601 3191 730 3263 ποιῑδες
754 3191 1040 3277 ἐπεληλυθότες,
1065 3196 1169 3275 recte3
1192 3201 1214 3256 B
1238 3191 1411 3262 ἐσεληλυ-

140 3308 245 3381 θθπες
269 3309 298 3374 οἱ
322 3308 462 3381 ποιῖδές.
488 3307 599 3376 Vellet
624 3309 709 3398 „iam
734 3311 817 3378 enim
843 3311 992 3379 Scholam
1014 3308 1234 3378 introierant’'.

124 3487 126 3490 ,
186 3426 267 3492 lbid.
299 3425 390 3512 Vulg.
424 3425 563 3508 ξυμφορὰ
687 3425 761 3504 alirn
792 3434 896 3510 reete,
927 3434 963 3497 ut
994 3429 1103 3496 Valla:
1136 3448 1240 3517 „quae
1271 3423 1409 3493 cladee''.

142 3559 164 3611 B
190 3548 287 3619 οούπῆι.

189 3782 295 3868 Capul
325 3781 368 3849 30
398 3780 423 3872 ξ
452 3782 482 3847 2.
514 3782 606 3868 Vulg.
638 3790 694 3850 πῶν
724 3810 757 3850 πε
785 3786 814 3849 ἕιι
835 3793 895 3857 τοῖς
919 3785 1048 3862 πλοίοις,
1073 3787 1110 3857 ὡς
1133 3783 1221 3865 ἑώρων
1243 3784 1289 3848 rei
1314 3785 1348 3874 ξι
1370 3792 1412 3863 πῇ

141 3912 209 3988 γῇ,
242 3914 264 3967 Β
288 3905 321 3967 et
343 3913 370 3968 H
392 3904 444 3977 πίιι
467 3904 579 3985 φυγήν.
610 3904 705 3971 Valla
728 3907 818 3993 „viee
840 3927 971 3973 auorum
994 3904 1100 3991 luga’'.
1124 3905 1186 3971 Hie
1210 3904 1271 3970 etei
1294 3924 1367 3969 cum
1390 3913 1412 3966 Β
1479 3993 1480 3996 Ἴ

143 4026 177 4090 et
209 4031 236 4086 H
264 4022 316 4094 τοι
338 4024 440 4105 φυγὴν
463 4027 587 4104 luetur,
611 4024 816 4092 nihilominus
839 4047 860 4092 a
882 4025 1013 4110 vulgata
1035 4047 1100 4093 non
1122 4023 1289 4102 recedam3
1313 4021 1414 4087 multo

144 4142 229 4210 enim
260 4140 386 4209 facilius
417 4145 468 4218 πθι
497 4144 616 4227 φυγήν,
647 4144 807 4228 quomodo
838 4149 943 4211 ortum
975 4144 1034 4222 eit,
1065 4140 1206 4226 intelligo
1240 4160 1336 4225 quern
1366 4140 1414 4205 in·

179 4414 207 4479 i)
227 4412 329 4464 Strabo.
347 4427 405 4479 pag.
421 4412 479 4465 lou.
