3098 4988
666 321 759 388 73'

92 560 199 645 Caput
222 559 265 625 25
289 558 314 649 ξ
339 561 368 626 l.
403 559 494 644 Vulg.
518 549 696 641 Σκιρωνῶου,
721 567 756 626 ut
777 559 886 626 Valla:
914 559 1132 646 „Scironida'',
1157 567 1253 626 reete.
1292 556 1319 624 B

46 680 203 760 Κνουνίδου.

94 797 119 888 ξ
143 800 164 865 3
187 797 279 884 ang.
303 797 526 882 ξυμμάχοις,
550 812 572 864 Β
595 807 654 871 τοῖς
678 798 865 881 ξυμμάχοις·
888 805 1059 884 utrumque
1081 799 1246 867 ferendum
1263 805 1322 867 est·

96 917 177 984 Ibid.
213 917 305 1002 Vulg.
340 916 584 999 ποοεξοὶοξοοντεο,
619 919 735 985 vitiosa
769 919 890 998 forma3
926 940 1029 1004 neque
1064 919 1090 984 B
1125 925 1212 987 recte
1240 943 1321 997 προο-

49 1035 216 1113 nortales..
259 1035 444 1119 Legendum
468 1035 692 1120 ποοεξᾷξοοντες.
726 1036 838 1106 Valla:
875 1047 926 1119 „et
955 1039 1064 1124 Argivi
1087 1041 1185 1106 latius
1208 1062 1322 1125 expor-

51 1162 141 1221 reoto
165 1174 222 1220 suo
247 1152 376 1224 cornu.”

99 1271 123 1362 ξ
153 1273 183 1339 5.
218 1272 310 1358 Vulg.
345 1273 394 1338 καὶ
429 1255 535 1351 ξυνέβη
668 1278 733 1347 τοὺς
763 1274 866 1347 ”lavas
898 1277 1108 1365 ἀμφότερον
1131 1284 1187 1342 τῶν
1211 1282 1324 1358 Δωριῶν

54 1400 210 1472 sparnone.
245 1391 347 1458 Multo
371 1392 601 1477 significantius
625 1400 657 1460 ot
680 1396 858 1461 sententiae
882 1397 1046 1481 aptissime
1069 1397 1188 1481 Blegit
1210 1399 1324 1477 ἄμφο-

55 1512 217 1595 reposo,
261 1509 347 1593 quod
381 1510 478 1576 etiam
513 1510 608 1577 Valla
642 1513 738 1579 vidit:
781 1513 941 1598 „Contigit
975 1520 1011 1579 ut
1045 1515 1137 1580 lones
1173 1513 1324 1597 utrinqne

58 1631 178 1697 Dorum
192 1631 234 1714 (i)
258 1630 392 1696 victores
416 1628 616 1696 existerent.”

103 1870 210 1954 eaput
233 1871 277 1934 26
301 1873 320 1951 ξ
348 1869 375 1933 l.
400 1866 492 1953 Vulg.
516 1869 571 1941 τοὶς
594 1869 665 1933 aial
688 1871 952 1944 Πελοποννήσου
976 1867 1035 1934 nal
1060 1871 1323 1941 Σοκελίοος....

59 1987 197 2068 νοοῦς,Β
229 1989 352 2054 inverso
382 1988 509 2054 ordine:
542 1986 603 2052 ἀπὸ
635 1989 773 2059 Σοκελίοος
804 1988 856 2052 aa>
887 1989 1119 2065 Πελοποννήσου,
1149 1989 1234 2072 quod
1259 2010 1324 2054 eor·

59 2112 183 2173 rectum
206 2105 333 2171 videtur
355 2109 528 2189 propterea
550 2105 637 2189 quod
660 2106 694 2171 in
718 2103 924 2189 sequentibus
948 2106 1037 2191 prius
1058 2105 1098 2172 de
1115 2105 1326 2173 siciliensium

60 2225 189 2293 auxiliis
214 2225 343 2290 disserit
373 2223 520 2306 scriptor.
567 2223 663 2290 Valla
685 2223 835 2308 vulgatae
858 2224 1020 2290 convenit:
1057 2245 1175 2310 „naves
1197 2247 1215 2291 e
1238 2225 1326 2292 Pelo·

61 2366 206 2432 ponneso
230 2349 328 2429 atque
352 2365 370 2409 e
393 2343 529 2409 Sioilia'’.

105 2464 187 2531 Ibid.
219 2462 309 2548 Vulg.
344 2462 566 2540 Σελινούντιοι,
602 2464 743 2540 ἓτοῑμονο,
778 2461 1025 2545 ξυναμφότερον.
1058 2461 1157 2528 liter
1180 2484 1328 2548 perverse

58 2584 161 2650 tradit
183 2583 395 2650 masculinum
418 2603 528 2666 genus.
574 2579 668 2646 Valla
690 2601 761 2647 cnm
783 2580 912 2665 vulgata
934 2578 1021 2647 facit.

101 2703 185 2770 Ibid.
212 2702 305 2787 Vulg.
329 2702 537 2766 κντέπλευσοιν
560 2701 589 2771 ἐς
609 2699 749 2784 Ἔλεον,
775 2701 989 2787 (υυ1”Ελεόν),
1013 2713 1034 2766 Β
1056 2701 1161 2781 Λέρον
1179 2702 1218 2784 ¹),
1242 2702 1328 2786 quod

58 2821 186 2886 videtur
209 2839 421 2898 essenorum,
446 2818 597 2903 quoniam
620 2818 725 2884 insula
745 2819 905 2902 quaedam
916 2820 1021 2888 Ἔλεος
1038 2818 1114 2884 alibi
1130 2841 1194 2883 non
1211 2840 1328 2886 memo·

59 2945 159 3005 ratur.
185 2937 238 3004 Sin
260 2938 287 3003 B
311 2938 408 3003 etiam
432 2957 458 3002 o.
475 2938 528 3002 27.
559 2936 760 3021 Quamquam
783 2937 871 3016 Λέοος
888 2936 955 3002 fere
969 2936 1175 3020 longinquius
1191 2958 1210 3002 a
1226 2935 1328 3003 Milite

59 3060 152 3126 abest
187 3077 284 3141 qnam
318 3064 354 3123 nt
386 3059 402 3132 ἡ
433 3059 486 3136 πρὸ
518 3058 653 3130 Μίλντου
685 3066 765 3131 νῆσος
797 3055 985 3141 appelletur.
1030 3054 1139 3121 Valla:
1174 3056 1327 3135 „Eleum”

59 3183 168 3244 nostro
191 3176 279 3254 loeo,
306 3176 410 3259 capita
433 3181 540 3242 antem
565 3176 606 3240 27
625 3179 644 3257 ξ
663 3176 679 3239 1
697 3175 797 3240 tradit
814 3172 980 3254 ‚,Derum''‚
997 3175 1083 3256 quod
1100 3194 1196 3256 qnam
1211 3195 1328 3259 parum

59 3294 190 3361 differat
213 3316 233 3361 a
258 3294 425 3378 „Lernm”,
449 3316 541 3360 nemo
565 3315 630 3359 non
655 3294 749 3360 videt.

102 3413 127 3504 ξ
152 3417 182 3480 2.
207 3412 298 3497 Vulg.
322 3413 465 3488 Ἰοισνκόν,
490 3421 526 3479 ut
550 3412 654 3479 Valla.
691 3413 717 3475 B
742 3411 825 3478 male
847 3413 993 3480 Ἀσνοοκᾶν.

102 3532 126 3623 ξ
151 3538 180 3599 3.
207 3532 300 3617 Vulg.
327 3539 413 3598 reete
436 3527 531 3615 οἷπερ,
556 3530 665 3598 Valla:
694 3531 818 3618 „illuo''.
852 3531 879 3596 B
902 3528 934 3596 οὔ
957 3529 1037 3610 ὑπέρ.

105 3772 214 3857 Caput
249 3772 303 3837 27.
349 3766 576 3853 Paragraphns
615 3768 718 3834 altera
753 3769 898 3834 miserius
932 3775 983 3834 est
1020 3775 1192 3855 corrupta,
1232 3789 1329 3851 qnam

60 3897 96 3955 ut
125 3909 202 3956 vera
233 3888 394 3970 scriptura
423 3887 622 3955 restituatur.
660 3885 764 3952 Lubet
792 3886 925 3953 laudare
958 3885 1071 3952 Vallao
1094 3887 1328 3970 interpretatio·

59 4029 149 4073 nom:
189 4005 343 4093 „Quoties
375 4003 486 4069 liceret
508 4010 623 4087 postea
646 4003 773 4088 planius
797 4025 892 4070 nosse
914 4004 1066 4070 adversus
1088 4013 1166 4088 quot
1188 4004 1329 4069 hostium

60 4148 158 4194 navos
189 4129 345 4208 quantum
374 4124 444 4208 ipse
474 4123 600 4189 navium
633 4123 712 4188 satis
743 4120 883 4209 habeas,
911 4128 944 4188 et
966 4143 1024 4207 per
1047 4123 1147 4194 otium
1170 4123 1329 4188 instruere

62 4290 309 4302 ...·--—---——-

95 4382 124 4446 1)
142 4382 175 4431 cl.
192 4379 273 4444 prael.
291 4392 349 4441 pag.
369 4376 441 4425 Vlll.

1214 4471 1232 4521 θ
