3098 4988
686 307 729 372 63

120 543 226 629 Caput
250 547 270 611 6
293 543 317 635 ξ
338 546 364 610 1.
388 544 479 629 Vulg.
502 543 578 625 περὶ
606 544 653 610 τὸν
677 542 765 610 οὑτοι
789 545 894 630 κοινὸν,
918 557 940 609 Β
966 543 1047 624 ὑπὲρ
1070 561 1249 627 perperam.
1296 541 1344 605 Ex

74 661 170 728 Valla
192 662 272 728 nihil
296 670 433 749 apparet
456 684 561 747 neque
586 664 683 748 paulo
705 662 791 729 iufra
814 667 833 746 ξ,
859 665 892 744 2,
915 663 971 728 ubi
994 661 1021 726 B
1044 682 1104 747 pro
1127 661 1256 725 πείσουοι
1274 679 1343 743 per·

71 801 184 864 peram
209 782 329 847 πεέοιυσι
352 783 459 849 tradit.

116 905 136 983 ξ
162 901 359 987 a.Vu1g.B
383 901 500 988 injuria
523 905 536 968 ὁ
559 903 612 978 μὲν
635 923 695 986 pro
718 903 742 966 οἱ
764 903 828 979 μὲν.
863 901 960 968 Valla
982 905 1084 967 reete:
1112 897 1223 981 „illis’'.
1331 972 1333 976 ,

116 1023 136 1100 ξ
161 1020 190 1084 3.
215 1018 307 1104 Vulg.
341 1021 439 1101 'nvttp
468 1021 630 1103 ἐφορεύονπι
661 1020 800 1102 ποιπρικὸς
829 1021 857 1090 ἒς
881 1021 923 1086 τοὶ
946 1018 1237 1096 petralatense.
1259 1017 1343 1083 Ante

71 1136 99 1206 ἐς
122 1136 156 1200 in
180 1134 207 1199 B
231 1141 281 1202 est
303 1137 370 1217 aul,
402 1142 437 1203 ut
469 1138 510 1204 sit
542 1137 717 1205 sententia:
749 1137 798 1203 vel
827 1137 1104 1223 conjunctissimus
1126 1137 1246 1219 hospes
1270 1142 1342 1201 erat

70 1257 235 1336 paternus.
270 1253 396 1321 Vallam
427 1277 555 1340 quoque
585 1261 776 1323 vertentem:
811 1260 901 1336 „erat
923 1255 1079 1340 imprimis
1102 1254 1219 1338 hospes
1243 1254 1341 1319 etiam

69 1371 244 1456 paternus''
276 1375 325 1440 aul
356 1375 472 1442 vidisse
499 1381 644 1460 apparet.
692 1376 781 1454 Quae
805 1396 882 1441 vera
907 1375 948 1442 sit
970 1375 1084 1460 leutio,
1107 1375 1141 1439 in
1164 1373 1268 1438 medio
1291 1392 1341 1439 re·

68 1489 253 1574 linquamus
276 1512 406 1559 neeesse
430 1498 488 1560 est.

113 1607 137 1699 ξ
161 1609 192 1674 4.
222 1609 314 1694 Vulg.
345 1610 394 1675 κοιὶ
418 1608 502 1676 ἄλλοι
535 1614 551 1687 ἦ
576 1612 660 1684 πόλις
684 1613 768 1687 ἱκοινή
792 1636 865 1676 sort.
902 1611 1056 1678 Iteratum
1080 1613 1103 1677 εἰ
1127 1616 1203 1677 ante
1227 1613 1243 1685 ἡ
1267 1609 1340 1675 libri

67 1728 95 1792 B
118 1747 212 1794 nemo
235 1735 366 1813 praeter
388 1729 577 1797 Olasseuum
599 1731 758 1815 interpres
782 1729 902 1813 recepit
926 1749 1030 1813 neque
1053 1729 1150 1796 Valla
1172 1729 1339 1814 expressit.

112 1853 132 1930 ξ
157 1847 187 1912 5.
211 1846 303 1932 Vulg.
326 1849 375 1913 aul
398 1848 431 1913 τὸ
455 1851 509 1926 μὲν
534 1855 642 1930 πρῶτον
665 1850 735 1914 ltro
760 1847 866 1915 τούτων
890 1848 990 1913 αὐτοὶ
1007 1848 1130 1926 ἔμελλον
1146 1849 1272 1926 πέμπειν
1287 1849 1337 1913 κοιὶ

67 1962 299 2046 Μελοιγχρίδοον.
334 1967 362 2031 Β
387 1973 420 2033 et
450 1968 532 2034 liber
556 1966 581 2033 O
604 1989 662 2053 pro
694 1968 776 2033 αὐτοὶ
804 1967 925 2032 habent
947 1969 1080 2037 αὐτοῖς.
1115 1966 1212 2032 Valla
1234 1965 1337 2050 negle-

66 2091 179 2168 genter
203 2091 351 2151 neutrum
376 2085 565 2152 vocabulum
586 2087 753 2171 expressit.
783 2087 941 2170 Equidem
958 2085 1055 2152 miror
1072 2107 1181 2153 omnes
1197 2086 1336 2153 editores

67 2201 165 2269 fidem
198 2202 318 2269 habere
343 2203 473 2270 lectioni
497 2205 589 2269 οὑτοι.
626 2203 796 2272 Classenus
820 2205 1049 2271 nominativum
1072 2205 1155 2270 αὐτοὶ
1178 2204 1336 2288 defendit,

69 2320 179 2388 dicens
203 2322 306 2406 primo
331 2320 603 2390 Lacedaemonios
626 2323 777 2390 habuisse
799 2325 833 2389 in
856 2324 963 2390 animo
987 2344 1113 2389 armare
1136 2322 1246 2388 decem
1262 2322 1336 2389 illas

65 2460 161 2506 naves
195 2441 261 2507 suis
293 2442 436 2526 ipsorum
459 2442 629 2523 militibus3
661 2447 766 2509 terrae
790 2447 898 2508 autem
921 2445 1009 2507 motu
1033 2445 1143 2507 exorto
1167 2441 1334 2507 eonsilium

62 2564 205 2625 mutasse
229 2565 262 2626 et
285 2581 344 2644 pro
369 2561 501 2627 navibus
518 2561 627 2628 decem
643 2562 737 2628 modo
756 2561 881 2627 dedisse
897 2560 1038 2644 quinque
1054 2565 1087 2626 et
1102 2580 1161 2643 pro
1178 2559 1333 2626 militibus

64 2676 237 2762 Spartiatis
269 2678 394 2745 dedisse
424 2680 598 2764 perioeoos.
644 2681 769 2766 Rogare
792 2686 902 2747 tamen
925 2678 1018 2745 velim
1040 2679 1125 2744 unde
1148 2677 1200 2769 vir
1219 2678 1332 2744 alaris-

63 2797 162 2862 simus
184 2798 308 2863 noverit
323 2798 434 2864 decem
450 2820 546 2865 naves
563 2799 744 2884 Spartiatae
760 2798 1021 2866 Lacedaemoniis
1039 2796 1159 2863 civibus
1175 2797 1332 2862 instruere

60 2915 219 2982 voluisse?
254 2916 414 2983 Mutatum
449 2918 617 2984 eonsilium
652 2917 851 3003 Thucydides
885 2916 1055 3001 perspicuo
1087 2916 1185 2981 refert
1217 2915 1328 2981 modo:

60 3035 125 3099 uiuri
157 3041 207 3100 ποῦ
240 3039 455 3119 Μελμγχρίδου
487 3039 635 3104 Χοιλκιδέοι
666 3040 797 3117 ἔπεμπον
820 3039 869 3103 aul
893 3037 959 3102 duri
982 3043 1037 3102 πῶν
1060 3036 1130 3101 δέκοι
1154 3035 1219 3100 νέοον
1242 3035 1330 3098 πέντε

60 3155 318 3236 παρεσκευάζοντο.
358 3155 421 3222 Sed
453 3158 493 3222 de
523 3158 657 3223 militum
691 3158 820 3224 natione
856 3157 956 3222 altum
988 3155 1164 3221 silentium!
1200 3153 1328 3220 Etenim

59 3271 86 3338 si
118 3273 200 3337 adrat
232 3279 317 3339 esset
347 3295 456 3341 verum
489 3282 521 3342 et
544 3274 790 3343 Lacedaemonii
813 3277 839 3342 si
864 3276 929 3342 suis
953 3275 1072 3341 civibus
1097 3294 1193 3340 naves
1217 3273 1326 3339 decem

57 3392 215 3457 armaturi
237 3392 389 3479 fuissent,
412 3395 498 3461 haud
523 3396 618 3463 dubie
635 3397 738 3463 verbis
754 3399 782 3460 ἐν
798 3405 834 3477 τῇ
851 3404 1004 3476 Λακωνικῇ
1021 3393 1143 3478 aliquid
1159 3392 1327 3477 opposuis-

56 3517 106 3576 set
129 3511 277 3596 soriptor‚
302 3513 385 3578 unde
409 3521 600 3599 appareret,
623 3515 740 3599 quibus
756 3513 910 3580 mihtibus
926 3513 976 3579 usi
991 3512 1127 3579 fuissent
1143 3511 1203 3578 nisi
1219 3517 1326 3578 terrae

54 3635 146 3695 motu
169 3631 315 3697 deterriti
337 3633 503 3699 eonsilium
527 3635 617 3719 prius
641 3635 853 3719 reliquissent.

101 3747 192 3826 Quod
216 3749 242 3812 B
264 3771 324 3835 pro
347 3751 474 3829 πέμπειν
499 3752 629 3820 exhibet
650 3753 794 3819 futurum
818 3752 963 3832 πέμψειν,
987 3751 1049 3816 hae
1072 3749 1107 3814 in
1129 3771 1164 3815 re
1184 3750 1322 3816 editores

53 3887 127 3933 eum
150 3867 265 3936 merito
289 3874 364 3935 sunt
387 3872 497 3937 secuti.
545 3870 627 3938 Vala
653 3871 800 3952 „missuri
823 3866 944 3936 erant'’.

98 4105 203 4189 Caput
228 4107 245 4171 7
271 4112 291 4190 ξ
316 4109 344 4173 1.
379 4107 474 4192 Vulg.
505 4113 556 4173 νοῦ
588 4108 612 4172 δ’
642 4108 861 4185 ἐπιγιγνομένου
893 4109 983 4187 θέρους
1015 4106 1113 4180 εὐθύς,
1146 4118 1167 4169 Β
1191 4103 1259 4182 οἴμοι
1291 4105 1319 4169 δὲ

48 4225 93 4304 τῷ
116 4223 158 4303 ἦρι
180 4231 230 4290 τοῦ
254 4228 471 4304 ἐπιγιγνομένου
495 4226 584 4307 θέρους
610 4228 700 4299 εὐθύς.
733 4227 804 4291 Non
828 4228 966 4293 omnium
984 4246 1156 4308 annorum,
1182 4244 1318 4308 quorum

50 4363 106 4408 res
130 4350 240 4428 gestae
264 4365 284 4410 a
308 4343 464 4428 scriptore
487 4352 657 4412 enarratae
681 4351 769 4424 sunt,
793 4364 865 4410 vere
888 4345 1017 4410 ineunte
1041 4342 1159 4409 bellum
1183 4344 1318 4409 redinte-
