3098 4988
752 320 794 384 75

178 553 258 645 §2
295 554 386 640 Vulg.
424 556 437 620 i
468 556 527 634 γόιρ
559 555 716 636 Θηραμένης
750 559 784 620 οὐ
811 557 956 636 ναόαρχας
980 556 1033 639 ὤν,
1059 556 1105 621 sic
1129 553 1240 621 Valla:
1277 572 1403 638 quoque

137 673 364 754 ‚,Thcrimenes
399 672 484 739 enim
517 693 615 757 quum
646 695 709 739 non
740 679 826 740 esset
857 675 926 757 ipse
960 673 1051 738 dux''.
1098 672 1248 739 Vaticani
1285 672 1403 738 οὐκέτι

137 812 201 858 non
226 789 383 875 quadrat,
406 791 482 875 quia
506 796 538 855 et
561 797 657 855 antea
681 790 746 855 dux
769 813 834 856 non
857 791 963 856 fuerat
985 790 1206 870 Therimenes,
1229 794 1266 855 ut
1289 790 1405 856 docent

134 909 305 993 sequentia
335 909 406 972 ἀλλ’
437 908 593 988 Ἀστυόχῳ
624 908 801 988 παραδοῦναι
833 911 889 980 τας
920 915 989 980 ναῦς
1019 907 1187 984 ξνμπλόων.
1230 907 1270 973 cf.
1306 908 1404 974 etiam

135 1049 165 1096 o.
192 1028 235 1092 26
259 1023 283 1114 ξ
309 1027 338 1089 1.
1298 1040 1300 1044 ·

182 1144 262 1211 Ibid.
297 1142 388 1226 Vulg.
424 1147 452 1216 ἐς
483 1145 542 1223 γαρ
572 1144 657 1209 πέντε
693 1151 762 1216 ναῦς
786 1146 834 1209 καὶ
863 1147 1042 1220 πεντήκοντα
1065 1145 1132 1223 τρία
1155 1145 1293 1210 τάλαντα
1318 1144 1405 1209 iiiios

136 1270 189 1329 τοῦ
213 1261 300 1340 μηνός
322 1260 432 1327 Valla:
459 1283 553 1348 „nam
570 1263 711 1347 quinque
727 1271 760 1328 et
776 1265 1009 1348 quinquaginta
1025 1262 1158 1329 navibus
1174 1267 1268 1327 terna
1284 1261 1406 1326 talenta
1470 1259 1474 1266 ’

137 1384 171 1448 in
203 1382 345 1465 singulos
378 1401 503 1446 menses
535 1380 666 1447 dabat''.
713 1383 890 1466 Madvigius
923 1382 1115 1450 Meiboomio
1148 1390 1323 1467 praeeunte
1346 1401 1406 1464 pro

136 1503 203 1579 τρία
227 1505 314 1564 recte
338 1498 467 1582 scripsit
489 1500 652 1578 τρνάκοντα.
692 1501 730 1565 In
754 1509 904 1585 promptu
927 1509 976 1569 est
998 1503 1126 1568 minime
1151 1523 1223 1566 cum
1245 1501 1272 1566 B
1296 1522 1405 1566 nume·

137 1619 206 1684 rale
230 1639 345 1683 nomen
370 1616 546 1683 desiderari
569 1639 671 1702 posse.
695 1618 833 1704 Locum,
858 1621 913 1704 qui
934 1626 984 1686 est
1001 1642 1040 1687 ex
1056 1619 1264 1704 difficillimis,
1284 1619 1407 1702 egregie

138 1737 320 1804 enucleavit
363 1736 410 1800 vir
449 1735 644 1802 clarissimus
679 1736 842 1816 Naberus‚
877 1739 932 1822 qui
967 1744 1041 1804 ante
1074 1739 1161 1804 πλέον
1193 1739 1328 1804 inseruit
1357 1740 1406 1816 οὐ,

143 1879 242 1941 quam
272 1856 476 1940 negationem
507 1855 570 1920 nisi
600 1855 808 1940 recipiamus,
841 1855 1020 1922 sententiae
1051 1854 1326 1941 significationen
1350 1877 1407 1938 ap-

139 1982 234 2060 paret
251 1976 289 2061 l).

185 2211 291 2295 Caput
314 2206 404 2298 30§
430 2210 457 2272 1.
490 2206 581 2292 Vulg.
612 2213 672 2273 Τνῦ
696 2209 721 2273 δ’
745 2212 835 2274 αὐτοῦ
858 2215 1000 2289 χειμῶνός
1024 2218 1082 2283 τοῖς
1210 2211 1407 2283 Ἀόνναόονς

139 2327 437 2413 προταφνγμέναν
460 2326 520 2404 γὰρ
543 2322 617 2399 ἦσαν
743 2337 806 2403 νῆες
928 2330 977 2394 καὶ
999 2331 1159 2411 στρατηγοὶ
1283 2329 1332 2393 καὶ
1352 2331 1407 2402 ταὶς

141 2450 200 2516 ἀπὸ
232 2447 299 2514 Χόου
433 2444 655 2523 ξυναγαγόντες
687 2447 838 2525 ἐβούλοντο
968 2453 1113 2531 ἐφορμεῖν.
1159 2449 1265 2514 Minus
1289 2449 1409 2514 usitata

140 2569 244 2632 torma
276 2564 461 2632 anacoluthi
492 2565 591 2631 multo
623 2565 757 2649 praebet
787 2567 928 2633 veritatis
959 2569 1112 2653 majorem
1143 2566 1281 2651 speciem
1311 2587 1407 2650 quam

138 2684 274 2769 simplex
296 2681 508 2750 nominativus
531 2683 556 2746 oi
569 2730 577 2747 .
591 2733 598 2748 .
611 2732 617 2747 .
632 2730 639 2746 .
664 2685 823 2770 Ἀόνναῖοχ
848 2685 903 2767 qui
918 2684 952 2750 in
967 2685 993 2750 B
1011 2685 1182 2751 correctori
1198 2689 1247 2750 est
1262 2682 1406 2749 tribuen-

138 2803 224 2868 dum.
257 2800 339 2886 ⁴Hoc
372 2800 468 2866 etiam
493 2797 578 2865 valet
601 2799 640 2865 de
663 2799 810 2866 Vaticani
833 2803 1124 2884 προαφνγμόναι,
1151 2802 1237 2886 quod
1262 2799 1404 2866 Stahlius

138 2940 204 2986 non
227 2918 349 3003 recepit
371 2917 405 2982 in
427 2921 559 2983 textum.
584 2915 709 2983 Vallem
732 2917 811 2983 nihil
835 2920 986 2984 miramur
1010 2919 1225 2986 anacoluthon
1249 2918 1282 2983 in
1296 2916 1406 2983 latinis

138 3036 328 3117 sustulisse,
351 3054 505 3119 eumque,
530 3034 616 3118 qnod
638 3034 680 3100 ad
696 3036 900 3119 participium
917 3036 1052 3120 attinet,
1069 3058 1140 3101 cum
1156 3035 1285 3119 vulgata
1300 3034 1407 3101 facere

136 3155 296 3220 videmus:
324 3174 443 3236 „quum
465 3152 649 3219 advenisset
671 3152 747 3217 illuc
771 3173 788 3217 e
812 3154 905 3219 domo
930 3153 1044 3219 classis
1068 3151 1160 3219 alia”.

183 3273 264 3339 Ibid.
294 3271 386 3358 Vulg.
419 3271 520 3344 πόσας
543 3273 592 3336 καὶ
617 3272 673 3343 τὰς
696 3272 814 3356 ἄλλας,
840 3283 860 3335 Β
883 3271 932 3335 καὶ
957 3272 1012 3344 τας
1036 3269 1135 3343 ἄλλας
1159 3271 1261 3343 πόσας
1287 3271 1407 3355 majore

137 3413 210 3459 oum
246 3391 362 3476 specie.
398 3389 526 3456 Vallae:
565 3389 759 3469 „contractis
794 3394 827 3455 et
856 3411 877 3455 a
908 3389 987 3455 Chio
1019 3395 1052 3455 et
1085 3389 1215 3455 aliunde
1238 3387 1406 3470 navibus”,

135 3512 271 3578 liberius
294 3515 429 3578 vertens.

182 3636 203 3714 ξ
228 3632 258 3695 2.
282 3628 375 3714 Vulg.
399 3634 453 3694 τῶν
477 3630 505 3700 ἐς
531 3629 663 3703 Μίλητον
687 3627 823 3693 ἐλθόντων
839 3630 945 3708 ,χιλίαν
961 3629 1084 3693 ὁπλιτῶν
1100 3628 1184 3707 μέρος
1200 3627 1404 3705 ἀγαγόντες

136 3750 165 3813 ἕν
200 3746 300 3813 ναυσὶν
333 3749 552 3822 όπλνταγαγοῖς
584 3745 631 3810 ἐπὶ
666 3746 731 3810 Χόον
761 3745 940 3825 λαχόντες
973 3744 1084 3808 ἔπλεον.
1131 3745 1158 3807 Β
1190 3744 1239 3810 bis
1261 3746 1295 3810 in
1317 3744 1405 3809 hisce

136 3848 278 3953 peccat(
297 3863 408 3931 Refert
437 3865 521 3930 enim
552 3887 611 3949 pro
641 3865 828 3944 ἀγαγόντες,
861 3865 912 3930 oui
934 3865 1073 3932 fortasse
1096 3863 1218 3943 ἄγοντες
1243 3870 1404 3949 praestat,

135 3983 352 4057 ἀπολιπόντες,
386 3982 472 4066 quod
495 3984 665 4050 manifesto
690 3988 812 4069 pugnat
835 4005 906 4049 oum
930 3990 1099 4064 contextu,
1122 3989 1154 4049 et
1176 4005 1234 4066 pro
1258 3980 1404 4060 λαχόντες

141 4205 390 4216 -.------ι

169 4369 198 4434 l)
216 4370 249 4420 ci.
267 4327 446 4431 Mnemosyne.
464 4367 513 4416 vol.
531 4364 594 4416 XIV
612 4380 670 4430 pag.
689 4364 746 4414 427.
