3098 4988
766 333 785 398 6

140 564 208 655 jam
240 574 519 656 oppugnarentur,
555 568 612 635 sed
642 570 881 654 oppugnarent,
917 566 1076 651 planeque
1107 567 1270 635 vincerent
1293 589 1332 635 ao
1356 565 1414 636 de·

143 687 326 756 bellarent'’.
1223 685 1225 690 ’

186 804 267 872 Ibid.
291 805 384 890 Vulg.
408 802 479 871 εἶνιιι
503 770 606 889 ebibi,
629 819 651 871 Β
676 805 777 887 σφίσιν
799 800 881 870 εἶνιιι.

185 925 210 1016 ξ
240 929 270 993 3.
302 926 395 1012 Vulg.
427 925 475 990 nai
507 926 547 991 δι’
577 927 667 992 αὐτὸ
697 925 746 1028 aab
771 925 804 990 τὸ
827 923 903 990 ἄλλο
925 902 1101 1006 septinuba
1224 927 1411 1010 κκτκριὶχθκ.

140 1059 162 1111 Β
187 1047 235 1112 διὰ
258 1051 343 1112 τοῦτο
368 1046 454 1130 quod
477 1044 576 1112 refert
598 1043 693 1112 Valla
710 1065 771 1130 „ex
786 1064 850 1128 quo
865 1044 986 1111 iactum
1002 1045 1080 1129 est’,
1097 1045 1247 1131 quodque
1264 1045 1413 1116 Stahlius

140 1165 288 1250 vulgatae
311 1167 477 1247 praestare
500 1166 618 1229 oenset
1306 1131 1312 1151 ⁵

187 1402 292 1488 Caput
315 1404 334 1468 7
358 1400 383 1493 ξ
407 1403 435 1469 1.
459 1401 550 1487 Vulg.
572 1400 798 1481 Ἐρασινίδης
821 1421 897 1468 vera
912 1400 1089 1486 scriptura,
1106 1421 1127 1468 a
1142 1401 1236 1470 Valla
1250 1401 1411 1488 probata:

144 1521 376 1602 „Erasiuides''.
421 1521 506 1588 Mira
540 1521 659 1588 oodiois
689 1534 711 1587 Β
741 1521 832 1587 varia
861 1519 957 1588 lectio
988 1521 1168 1602 Θριισωνιδνς
1199 1542 1410 1608 nequaquam

140 1645 190 1708 est
212 1632 409 1726 recipienda.

72 1754 75 1759 ’
181 1756 207 1848 ξ
231 1761 263 1825 3.
286 1758 379 1843 Vulg.
402 1732 535 1844 πεζικὴν,
560 1769 583 1822 Β
606 1761 693 1827 reete
717 1755 816 1854 πεζὴν.

183 1997 289 2081 Caput
312 1998 332 2061 8
355 1995 379 2086 ξ
405 1999 432 2062 1.
456 1996 550 2082 Vulg.
582 1996 621 2072 ἢν
644 1997 686 2071 μὴ
710 1985 1136 2075 ...portentuosum
1160 2007 1182 2060 Β
1205 1996 1237 2060 εἰ
1259 1996 1309 2073 μὴ

138 2114 431 2195 arianimirum.
477 2114 611 2183 Praeter
633 2114 765 2181 dubium
789 2114 965 2182 scribamus
988 2118 1115 2199 oportet
1132 2114 1156 2179 εἰ
1172 2115 1215 2191 μὴ
1309 2138 1411 2192 μετα-

138 2237 302 2317 neposve.
348 2235 460 2303 Valla:
488 2235 570 2317 „nisi
591 2240 649 2302 aut
670 2235 733 2321 ipsi
755 2233 1009 2303 revocarentur’'.

181 2353 206 2445 ξ
230 2357 260 2422 2.
282 2355 375 2441 Vulg.
399 2356 480 2420 κκτᾶι
503 2361 554 2420 τοῦ
577 2354 862 2432 aspernationem.
894 2366 916 2419 Β
940 2357 1014 2420 ante
1037 2358 1087 2418 τοῦ
1105 2352 1218 2419 inserit
1234 2353 1411 2422 articulum

137 2475 188 2549 riv
211 2478 287 2559 post
309 2472 482 2559 genitivum
505 2492 620 2557 parum
643 2473 869 2539 necessarium.

183 2590 267 2659 Ibid.
300 2591 390 2677 Vulg.
421 2591 438 2668 ἢ
469 2591 519 2656 aul
542 2591 689 2669 paciano
712 2593 843 2664 ἐλλιπεῖς
866 2591 1047 2671 γιγνόμενοι,
1073 2604 1095 2657 Β
1119 2592 1272 2670 avinne·
1317 2591 1407 2661 Eece

136 2711 318 2796 exemplum
347 2710 526 2796 egregium,
556 2730 621 2794 quo
652 2709 771 2776 codicis
802 2722 824 2775 Β
855 2710 1056 2793 praestantia
1079 2714 1231 2795 apparet3
1255 2708 1409 2796 vulgatae

81 2824 98 2856 ·’
135 2831 253 2908 propag
288 2828 385 2914 plano
417 2834 512 2921 vaoat
546 2847 661 2913 sensu,
697 2828 814 2905 μνήμης
846 2833 952 2894 antem
983 2827 1062 2912 quin
1093 2827 1195 2895 solum
1227 2847 1337 2894 verum
1362 2828 1408 2896 sit

136 2948 283 3016 dubitare
313 2970 378 3016 non
407 2949 492 3015 lioet.
538 2947 694 3014 Vaticano
726 2947 866 3014 concinit
894 2946 1005 3014 Valla:
1032 2948 1169 3028 „veritus
1192 2968 1234 3013 no
1257 2967 1312 3014 eos
1336 2967 1406 3013 ma·

138 3068 260 3148 „moria
283 3068 508 3135 mandatorum
532 3065 711 3134 deficeret&

179 3201 258 3267 Ibid.
282 3201 373 3286 Vulg.
397 3200 551 3279 μάλισνιι,
576 3205 681 3284 reate,
705 3198 751 3266 sio
775 3196 886 3266 Vallar
912 3197 1131 3282 ‚,praeoipue’'.
1176 3211 1198 3264 Β
1222 3197 1318 3276 μόλις.

179 3318 212 3410 ξ’
227 3321 255 3387 3.
280 3319 371 3404 Vulg.
395 3321 409 3384 ὂ
431 3319 460 3383 δὲ
479 3320 525 3383 τὰ
544 3319 626 3384 autb
646 3316 892 3397 recuperatorio
911 3317 960 3382 διὰ
979 3327 1119 3400 φυλακῆς
1142 3318 1204 3395 ἤδη
1225 3317 1406 3399 ἔχωνῆδη

134 3440 264 3506 ἑκουσίων
304 3437 435 3504 κινδύνων
469 3437 647 3523 ἐπεμέλετο,
682 3449 704 3502 Β
739 3439 885 3515 μᾶλλον
918 3436 980 3512 lta
1015 3438 1109 3518 ἔχων
1143 3437 1245 3513 ἤ·δι’.
1291 3435 1406 3507 Valla:

138 3541 284 3639 „Interea
314 3555 424 3622 Niciae
456 3576 523 3621 rem
554 3560 751 3621 castrensem
782 3553 944 3621 custodire
976 3554 1090 3640 majori
1117 3555 1188 3641 jam
1211 3575 1308 3621 aurae
1331 3563 1407 3624 erat

138 3696 256 3762 „quam
279 3674 461 3775 voluntaria
483 3674 628 3759 pericula
651 3671 770 3740 adire”.
818 3671 905 3750 Quae
929 3672 1041 3740 Vallae
1064 3652 1288 3758 interpretatio
1303 3673 1405 3743 mira·

135 3795 192 3863 bili
227 3816 305 3862 eura
340 3792 479 3861 auctoris
510 3793 616 3860 reddit
645 3814 792 3873 manum,
826 3813 928 3880 qnae,
960 3791 1117 3860 Vaticano
1148 3791 1230 3860 libro
1261 3792 1406 3863 nondum

135 3913 270 3991 collato,
303 3912 372 3979 alta
400 3912 606 3996 premebatur
634 3912 779 3997 ealigine.
825 3911 993 3997 Legeritns
1015 3910 1111 3978 Valla
1133 3909 1189 3992 rai,
1213 3911 1299 3997 quod
1322 3912 1357 3978 in
1381 3926 1404 3980 Β

134 4032 252 4118 injuria
289 4029 397 4107 abest,
437 4050 557 4116 neone,
597 4030 658 4096 etsi
691 4029 771 4095 nihil
806 4050 865 4114 pro
902 4034 991 4096 oorto
1026 4030 1131 4097 dicere
1165 4031 1258 4114 licet,
1293 4036 1406 4101 umen

134 4151 280 4218 versione
310 4148 412 4215 latina
443 4146 523 4213 bene
554 4167 713 4232 perpensa
744 4146 851 4231 potius
882 4145 1089 4215 affirmaveris
1122 4169 1219 4233 quam
1242 4148 1404 4220 infitiatus

135 4269 190 4335 sis.
237 4267 270 4334 Si
302 4269 374 4352 quis
405 4268 444 4334 de
474 4267 623 4334 Vaticani
649 4265 724 4332 libri
746 4271 783 4332 nt
805 4266 902 4333 etiam
925 4265 965 4331 de
989 4265 1103 4332 Vallae
1125 4263 1405 4352 interpretationis

135 4388 338 4485 praestantia
369 4385 513 4469 dubitat,
536 4405 651 4454 moneo
675 4384 762 4473 apud
786 4383 919 4453 Dionem
942 4383 1032 4454 Cass.
1056 4384 1118 4454 looi
1141 4386 1243 4457 nostri
1267 4388 1406 4479 vestigia
