3098 4988
753 314 795 397 at

138 567 203 650 περὶ
226 573 326 635 ποιῦποι
349 568 362 634 ὅ
385 568 555 649 Εὐρυμέδων
578 569 702 653 ἀποινπᾷ
725 571 759 634 οἰι
780 579 832 646 τῆς
856 573 995 645 Σικελίοις
1021 573 1193 660 ἀποπλέων,
1217 571 1247 647 ὃς
1270 574 1338 640 πότε
1357 576 1408 640 ποῢ

136 697 280 770 χειμῶνος
307 690 348 755 πά
370 691 517 770 χρήματα
541 687 625 767 otyor
647 699 683 772 τῇ
707 697 834 774 οπροιπιᾷ
856 691 1050 774 ἀπεπέμφθη.
1098 691 1272 760 Consilium
1294 693 1405 779 igitur,

138 830 203 896 quo
234 807 439 894 Eurymedon
469 809 502 874 in
533 806 675 875 Siciliam
698 809 814 876 missus
836 814 925 896 erat,
958 810 1082 877 nullum
1105 810 1184 896 fuit,
1207 811 1270 878 nisi
1293 817 1330 878 ut
1353 812 1409 879 sti-

136 928 293 1015 pendium
330 926 523 994 transferret
559 926 742 1012 militesque
779 926 864 996 bonc
900 929 1006 997 animo
1043 950 1113 996 esse
1143 930 1280 1015 juberet.
1325 929 1409 1009 Quid

137 1051 255 1116 mirum
278 1049 306 1114 si
330 1048 489 1115 credimus
511 1046 798 1133 Eurymedontem,
822 1050 959 1134 pecunia
981 1049 1121 1135 tradita,
1149 1070 1222 1116 cum
1245 1050 1408 1130 omnibus,

137 1189 220 1254 quas
244 1173 432 1254 acceperat,
456 1166 606 1253 naribus,
632 1172 690 1234 aut
712 1167 828 1234 saltem
851 1168 998 1254 pluribus
1021 1189 1118 1254 quam
1141 1190 1221 1256 una,
1245 1171 1279 1236 in
1294 1169 1409 1237 itinere

135 1287 345 1357 Demostheni
375 1286 500 1355 obviam
534 1308 604 1354 esse
635 1287 777 1355 factum?
817 1286 1029 1375 Nequaquam
1051 1290 1136 1356 enim
1159 1294 1209 1357 est
1230 1288 1405 1357 tenendum

136 1408 248 1475 decem
277 1407 353 1474 illas
384 1425 483 1474 naves
506 1407 546 1492 (o.
572 1407 629 1491 16,
655 1407 687 1491 2)
718 1407 838 1476 auxihc
862 1428 931 1476 esse
955 1408 1080 1478 missas.
1126 1409 1169 1475 Et
1191 1408 1254 1475 hac
1276 1409 1348 1494 ipsa
1371 1408 1406 1473 in

134 1546 173 1592 re
204 1525 343 1592 dissideo
366 1545 387 1591 a
409 1525 484 1592 viris
514 1525 635 1612 doctis,
667 1524 723 1610 qui
753 1526 910 1593 rationem
941 1525 1146 1595 subducendo
1177 1533 1245 1594 tres
1277 1532 1311 1593 et
1335 1546 1407 1611 sep·

136 1645 284 1730 tuaginta
315 1665 412 1713 nares
441 1643 540 1712 fuisse
572 1643 697 1712 docent.
743 1645 975 1714 Praecedentia
1004 1651 1040 1713 ut
1072 1645 1211 1713 breviter
1235 1645 1405 1731 colligam,

138 1783 254 1832 moneo
288 1762 481 1844 Arnoldum,
516 1761 721 1845 Classenum,
755 1763 1006 1832 Herwerdenum
1037 1765 1157 1852 injuria
1187 1763 1406 1845 constituisse,

135 1881 238 1949 fretos
268 1902 296 1950 c.
321 1881 362 1947 31
387 1885 407 1964 ξ
431 1881 470 1960 3,
505 1880 776 1968 Eurymedontem
806 1904 872 1950 una
902 1888 1028 1950 tantum
1059 1904 1131 1949 cum
1160 1903 1242 1950 nare
1273 1883 1316 1950 ad
1345 1883 1407 1949 De·

137 2000 337 2068 mosthenem
364 1999 556 2086 pervenisse.
602 1999 755 2086 Sequitur
777 2006 814 2067 ut
836 2001 949 2069 classis
971 2023 989 2069 e
1012 2001 1159 2088 pluribus
1182 2022 1279 2087 quam
1302 2000 1407 2069 tribus

136 2124 172 2186 et
206 2119 409 2206 septuaginta
439 2120 572 2187 naribus
603 2120 783 2188 constiterit
813 2120 951 2206 ideoque
981 2121 1120 2198 μάλιοποι
1147 2142 1212 2189 non
1241 2126 1406 2188 temerea

135 2236 326 2323 Thucydide
348 2237 599 2323 abjudicandum
621 2237 672 2304 sit.

183 2354 263 2446 §4
286 2356 377 2444 Vulg.
401 2357 515 2424 ἀπλοῦν
536 2383 570 2423 πε
592 2357 632 2428 ὄν,
670 2359 698 2424 Β
722 2365 755 2427 et
777 2358 872 2427 Valla
894 2361 1042 2446 copulam
1066 2361 1227 2429 omittunt.

184 2474 265 2541 Ibid.
291 2475 383 2560 Vulg.
406 2475 435 2540 εἰ
466 2475 662 2558 κρωπάοειὲ
690 2501 734 2550 πις
756 2483 812 2543 τῶν
835 2481 998 2544 Ἐπιπολῶν
1019 2487 1072 2555 πῆς
1095 2478 1291 2566 ἀνοιβάοεως,
1313 2489 1335 2544 Β
1358 2478 1406 2554 μὲν

136 2593 396 2672 ε’πιιιοοιπήοειέ
426 2618 470 2666 τις
501 2598 556 2658 τῶν
586 2619 624 2658 τε
647 2597 811 2660 Ἐπιπολῶν
832 2604 885 2671 πῆς
908 2596 1093 2674 ἀνοιβάοεως.
1140 2596 1249 2664 Valla:
1276 2595 1404 2682 „Siquis

136 2733 307 2780 ascensum
338 2711 547 2798 Epipolarum
574 2713 778 2799 occuparet”.
823 2714 931 2781 Recte.
965 2716 1239 2784 Baoorrectcre
1262 2720 1405 2783 mutatus

137 2837 227 2898 certe
249 2834 314 2908 θοις
344 2831 461 2898 etenim
484 2838 527 2911 μὴ
550 2831 627 2899 ferri
650 2853 854 2918 nequaquam
876 2840 984 2920 potest
1006 2836 1176 2921 (Epipolae
1199 2835 1283 2903 enim
1306 2854 1405 2920 pones

137 2950 358 3036 Syracusanos
393 2951 499 3032 erant)
532 2969 636 3034 neque
670 2971 742 3019 cum
778 2951 902 3021 Stahlio
939 2975 1070 3022 causam
1105 2956 1195 3023 rideo
1229 2954 1404 3041 recipiendi

134 3068 354 3154 ἕπικροπῆοειε,
386 3067 541 3153 imprimis
571 3069 648 3153 quia
679 3068 827 3136 Vaticani
857 3071 975 3139 codicis
1006 3073 1192 3141 emendator
1221 3074 1276 3142 ille
1308 3073 1405 3142 verba

136 3185 316 3272 composita
350 3184 443 3252 valde
478 3186 599 3253 amavit
633 3206 735 3271 eaque
769 3208 828 3273 pro
864 3188 1060 3276 simplicibus
1095 3189 1194 3257 semel
1226 3191 1405 3277 iterumque

135 3306 259 3391 recepit
276 3306 313 3392 ¹).
346 3305 394 3370 De
417 3304 534 3390 copula
558 3306 596 3372 ci.
620 3327 646 3373 c.
672 3306 710 3373 11
735 3303 760 3398 ξ
783 3309 813 3374 2.

182 3424 265 3490 Ibid.¹
286 3423 377 3509 Vulg.
401 3424 540 3501 ἠπείγετο
563 3425 707 3492 ἐπιθέοάοιι
730 3435 768 3508 πῇ
787 3425 892 3510 πειρον,
912 3429 961 3492 aci
977 3425 1202 3506 ξννπομωπάπην
1218 3431 1318 3507 ἡγεῖτο
1333 3430 1405 3494 διοι-

135 3544 344 3623 πολέμνοιν,
368 3556 390 3611 Β
415 3592 506 3630 ....,
532 3545 584 3610 aad
607 3545 637 3610 ci
660 3544 885 3623 ξυνποιιωτάτνν
909 3547 1009 3624 ἡγεῖτο
1031 3545 1265 3625 διοιπολομήοειν.
1290 3547 1402 3616 Valla:

137 3684 218 3750 „spe
254 3665 341 3731 intra
377 3663 473 3732 breve
506 3670 700 3732 momentum
734 3663 820 3733 hello
854 3663 1076 3750 defungendi”.
1120 3666 1240 3734 Iterum
1274 3671 1404 3752 praeter

134 3783 363 3851 necessitatem
384 3784 412 3849 B
436 3784 539 3852 secuti
568 3789 644 3851 sunt
666 3784 874 3870 interpretes,
907 3784 975 3851 sine
995 3784 1083 3869 justa
1106 3804 1205 3851 causa
1226 3785 1403 3852 inserentes

134 3903 177 3981 oi,
207 3902 294 3986 quod
326 3903 360 3968 in
390 3903 476 3972 bona
505 3904 682 3990 graecitate
712 3903 792 3970 satis
823 3923 898 3970 raro
926 3903 1093 3970 iuvenitur.
1138 3903 1295 3989 Equidem
1321 3910 1401 3989 puto

135 4041 175 4087 eo
205 4021 338 4089 consilio
361 4043 382 4090 a
404 4029 583 4092 correctore
614 4020 760 4089 additum
791 4042 863 4090 esse
890 4042 1082 4108 pronomen,
1114 4026 1150 4088 ut
1171 4020 1402 4089 Demosthenes

137 4247 383 4257 ——-—-·-—-—

166 4381 195 4447 1)
214 4383 247 4436 ct
266 4383 399 4451 praefatio,
416 4337 474 4453 pap.
491 4383 562 4437 vul.
