3098 4988
854 313 898 409 υ,

239 543 449 621 ἕβουλειίσομεν
472 543 602 619 exhibet
624 546 891 633 βουλεύσομεν,
917 551 1037 636 optimo
1055 552 1129 618 libri
1145 553 1241 622 iidem
1257 554 1436 624 habeamus
1453 563 1505 625 est

237 683 375 742 necesse.
422 662 515 730 Valla
538 664 585 730 nil
608 665 710 734 docet.

281 899 387 986 Caput
409 901 453 968 54
475 908 496 986 ξ
521 904 551 973 1.
573 903 666 989 Vulg.
689 906 829 992 ἐλπίζον,
852 907 879 972 Β
899 928 970 973 cnm
986 907 1202 994 compluribus
1217 910 1308 978 libris
1325 913 1505 995 ἐπελπίζων.

235 1019 417 1107 Legendum
441 1045 511 1091 cum
535 1023 763 1093 Herwerden0:
786 1025 828 1093 ἔτι
853 1023 986 1110 ἕλσοζοον.

279 1146 299 1224 ξ
323 1143 352 1208 2.
376 1142 468 1228 vulg.
491 1143 532 1208 τοί
554 1168 588 1208 τε
611 1145 680 1225 πρὸς
702 1145 751 1210 τὸν
773 1147 979 1228 Τισσαφέρνην
1002 1147 1051 1212 καί
1068 1149 1116 1213 τὸν
1132 1147 1333 1228 ίΑλκιβιοίδην.
1357 1151 1504 1219 Alterum

235 1262 404 1328 articulum
428 1264 548 1330 omittit
569 1263 606 1330 B.
640 1264 735 1331 Valla
758 1287 853 1344 „cum
876 1266 1091 1352 Tissapherne
1114 1272 1148 1333 et
1169 1266 1365 1334 Alcibiade''.

277 1377 301 1468 ξ
325 1380 357 1448 4.
380 1378 472 1466 Vulg.
496 1384 789 1469 παρακελευσάμενος
805 1383 880 1456 ὅσιος
897 1432 905 1449 .
922 1384 1236 1451 ...καταλύσουσι
1252 1385 1301 1449 τίν
1317 1385 1414 1463 δῆμον.
1439 1387 1502 1452 Fu·
1526 1456 1528 1462 ,

232 1502 356 1576 turum,
393 1503 429 1565 ut
461 1498 694 1568 Herwerdenus
728 1523 768 1568 ex
789 1501 933 1586 lapidum
957 1503 1139 1569 testimonio
1163 1502 1304 1569 ostendit
1312 1517 1324 1580 ‚⁴
1345 1508 1433 1569 recte
1467 1524 1501 1570 se

232 1614 339 1683 habet.
374 1616 401 1683 B
425 1623 459 1684 et
480 1619 624 1686 nonnulli
648 1619 703 1686 alii
725 1641 895 1705 perperam
917 1619 1116 1687 καταλύουσι.
1152 1619 1247 1687 Valla
1269 1619 1371 1688 libere
1398 1621 1501 1689 vertit

276 1869 383 1954 caput
404 1869 448 1936 55
471 1875 491 1954 ξ
519 1873 546 1938 l.
577 1870 667 1956 Vulg.
691 1870 718 1936 εί
740 1895 796 1936 ποι
819 1872 936 1952 οίνιαίοοι
965 1875 998 1938 τὸ
1021 1878 1077 1939 τῶν
1099 1872 1332 1949 Πελοποννησίων
1355 1873 1499 1940 ναυσικίν.

231 1987 330 2054 Recte
360 2008 432 2054 cum
462 1990 577 2072 οίσοιίοοι
604 1989 749 2075 jungitur
778 2014 825 2055 σοι
856 2011 960 2073 neque
990 2011 1062 2056 cum
1092 1992 1119 2055 Β
1143 1990 1277 2075 aliisque
1301 1989 1496 2075 quibusdam

230 2103 305 2171 libri
338 2130 394 2171 σου
423 2105 592 2190 legendum
626 2113 684 2175 est.
731 2106 827 2174 Valla
856 2105 954 2176 bene:
991 2108 1101 2191 „siquo
1132 2108 1319 2194 trajicerent
1340 2106 1500 2194 Pelopon-

231 2223 377 2288 nensium
398 2223 532 2290 nares”.

230 2411 235 2421 ,
275 2337 354 2430 §A
384 2340 435 2407 καί
466 2339 547 2408 ὅπλα
576 2343 688 2425 ε’λνίφίη
720 2343 831 2410 πολλοί.
866 2354 888 2408 Β
919 2341 969 2409 καί
997 2340 1079 2408 trac
1101 2342 1201 2409 πολλοὶ
1225 2344 1347 2426 ἐλήφθη.
1384 2343 1496 2411 Valla:

235 2465 419 2549 „multaque
442 2487 533 2532 arma
557 2463 683 2550 capta”.

275 2717 384 2803 Capul
405 2716 448 2784 56
471 2715 495 2806 ξ
518 2717 550 2784 4.
582 2715 675 2801 Vulg.
706 2716 767 2799 ἥσει
791 2715 850 2796 γὰρ
873 2720 1006 2781 τοσαῦτα
1030 2713 1260 2795 insibilabat
1284 2718 1496 2797 Ἀλκιβιαίδης,

232 2838 327 2915 λέγων
350 2836 436 2908 αὐτὸς
461 2836 529 2916 ὑπὲρ
552 2834 691 2914 παρόντος
713 2833 949 2926 Τισσαφέρνους,
973 2832 1060 2901 ίίσσε
1083 2839 1148 2898 τῶν
1171 2834 1368 2924 Αίηναίαν,
1393 2839 1498 2918 καίπερ

232 2957 279 3022 ἐπί
314 2957 390 3022 πολὺ
424 2955 466 3021 ὅτι
501 2955 593 3031 αίσοίη
627 2953 869 3036 ξυγχαρούντυν,
900 2952 975 3031 ὅμως
1007 2953 1097 3020 αίσιον
1126 2954 1269 3033 γενέσθαι.
1312 2955 1498 3025 Alcibiades

231 3077 355 3161 majora
386 3074 553 3159 postulans
576 3095 674 3158 quarn
696 3093 778 3157 quae
802 3073 933 3139 concedi
955 3077 1103 3159 possent,
1134 3071 1345 3140 Athenienses
1368 3080 1406 3142 ut
1429 3075 1495 3143 ioe-

234 3194 318 3261 deris
349 3215 421 3261 cum
451 3193 558 3260 Persis
588 3214 653 3260 non
674 3192 731 3259 icti
754 3195 899 3258 auctores
922 3194 1030 3257 essent
1052 3189 1166 3256 effecit.
1212 3189 1315 3270 Quam
1339 3191 1497 3277 significa·

232 3315 352 3383 tionem
374 3334 438 3380 non
459 3311 603 3379 invenias
625 3310 689 3377 nisi
711 3312 745 3376 in
766 3310 793 3375 Β
817 3309 890 3376 οίσσε
914 3310 946 3375 τὸ
972 3315 1028 3374 τῶν
1051 3309 1225 3388 Ἀθηναίων,
1249 3311 1301 3376 cni
1324 3314 1498 3380 assentitur

233 3434 344 3501 Valla:
371 3429 567 3514 „Postulavit
579 3430 663 3496 enim
674 3428 857 3495 Alcibiades
873 3449 982 3496 coram
997 3426 1210 3511 Tissapherne
1226 3476 1235 3493 .
1249 3479 1278 3498 ..
1294 3479 1301 3495 .
1318 3450 1403 3515 quae
1416 3432 1497 3500 adeo

233 3552 361 3619 modum
396 3549 701 3635 supergrederentur
733 3553 775 3614 ut
809 3568 877 3631 per
916 3546 1188 3629 Athenienses,
1224 3547 1286 3614 etsi
1313 3547 1495 3634 ingentibus

234 3690 311 3739 sane
335 3668 505 3754 postulatis
529 3667 782 3751 acquiescerent,
814 3670 938 3733 staret
963 3665 1164 3750 quominus
1191 3666 1495 3752 conveniretur.‘’

233 3789 373 3874 Vulgata
395 3787 480 3853 bunc
502 3785 569 3852 lere
591 3784 624 3852 in
647 3785 775 3852 modum
795 3784 950 3870 explicari
966 3785 1064 3852 solet:
1085 3783 1269 3851 Alcibiades
1291 3789 1359 3853 tam
1380 3808 1494 3871 parum

232 3905 384 3976 benevole
408 3926 479 3971 cum
503 3903 624 3971 civibus
648 3905 714 3971 suis
738 3905 822 3990 egit,
847 3910 884 3971 nt
906 3906 967 3972 hoc
994 3904 1034 3970 ab
1062 3903 1309 3972 Atheniensibus
1335 3906 1366 3972 ei
1388 3913 1497 3992 posset

232 4027 303 4094 dari
326 4024 449 4092 crimini
456 4050 465 4102 ;
490 4023 577 4107 quod
600 4030 708 4092 tamen
730 4045 806 4090 num
833 4025 866 4091 in
893 4023 1024 4090 Graecis
1047 4022 1153 4089 inesse
1176 4025 1279 4109 possit
1304 4023 1399 4093 ualde
1421 4025 1495 4094 licet

233 4145 384 4212 dubitari.
407 4141 558 4222 Accedit,
583 4141 670 4225 quod
692 4142 821 4227 vulgata
836 4142 920 4208 bunc
936 4141 970 4206 in
986 4139 1116 4207 modum
1140 4147 1276 4227 accepta
1290 4142 1401 4212 inania
1415 4144 1495 4213 fiant

231 4262 330 4330 verba
352 4262 456 4341 καίπερ
479 4261 525 4326 ἐπί
549 4260 625 4326 πολὺ
648 4257 666 4325 ί
685 4285 713 4327 σι
735 4261 827 4335 αίτυίη
849 4258 1081 4339 ξυγχωροίνσαν.

275 4380 357 4447 Ibid.
403 4378 509 4466 Libri,
533 4380 630 4447 etiam
653 4380 680 4445 B
703 4380 809 4446 Ἰουνίαν
831 4404 865 4445 σε
886 4381 947 4460 γὰρ
970 4380 1071 4444 κὀἶσαν
1095 4377 1211 4456 ἠξίουν
1226 4379 1360 4449 δίδοσθαι.
1390 4381 1492 4451 Nemo
