3098 4988
826 313 869 376 84

218 549 355 631 „partim
380 550 515 616 classem
539 550 729 638 deserendo,
755 553 829 617 dum
853 555 978 637 partem
1003 549 1154 634 stipendii
1172 548 1233 614 sibi
1249 546 1393 612 debitam
1409 568 1484 611 non

217 666 434 750 relinquerent
457 669 602 735 obsidem
625 669 707 735 sui”.
746 670 847 736 Acute
870 671 976 736 locum
999 668 1149 735 tractavit
1177 666 1330 734 Stahlius.

261 783 285 874 ξ
320 787 348 852 3.
383 788 473 872 Vulg.
505 790 554 853 καὶ
588 791 652 862 τοὺς
683 791 869 870 τριηράρχους
901 791 949 854 καὶ
981 789 1046 861 τοὺς
1079 787 1261 867 στρατηγοὺς
1288 790 1344 850 τῶν
1362 785 1485 849 Ιτιόιιεοιν

215 905 361 972 ἐδίδασκεν
394 909 483 978 ὥστε
518 912 603 980 δόντα
636 918 783 996 χρήματα
815 915 902 981 αὐτὸν
933 923 1032 979 τεῖσαι
1055 911 1143 980 dovr
1166 911 1358 991 ξυγχωρῆσαι
1384 915 1486 975 ταῦτα

216 1031 319 1110 ἐαυτῷ.
355 1031 502 1098 Reiskins
536 1033 614 1112 fuit,
651 1035 705 1118 qui
737 1035 822 1100 haud
854 1034 950 1100 dubie
976 1033 1049 1117 jure
1081 1032 1170 1117 prius
1193 1028 1268 1095 όοτε
1291 1028 1486 1111 eliminavit;

217 1150 303 1232 quod
338 1156 445 1217 autem
481 1153 618 1219 alterum
652 1153 679 1218 B
710 1154 843 1238 omittit,
881 1173 1083 1237 nequaquam
1118 1149 1301 1217 faciendum
1334 1153 1384 1215 est
1414 1168 1486 1213 cum

217 1265 388 1355 Classenu,
420 1270 475 1353 qui
507 1275 539 1336 et
569 1270 630 1336 hoc
660 1270 730 1336 loco
761 1270 892 1337 inservit
919 1269 1095 1350 Vaticano,
1125 1269 1159 1334 in
1183 1288 1264 1352 quo,
1285 1267 1354 1352 jam
1378 1264 1487 1350 priore

217 1383 290 1450 ὥστε
325 1387 464 1469 polluto,
501 1410 541 1454 ne
576 1389 688 1454 eadem
722 1412 781 1456 vox
815 1389 903 1456 brevi
934 1389 1101 1455 intervallo
1131 1389 1323 1471 iteraretur,
1356 1384 1488 1451 sustulit

219 1509 378 1570 corrector
413 1507 587 1571 secundum
620 1505 710 1594 durs,
745 1507 833 1592 quod
868 1514 975 1573 tamen
1010 1512 1085 1590 post
1115 1508 1220 1571 πείθειν
1251 1504 1371 1571 addere
1406 1504 1488 1569 solet

218 1627 336 1691 noster.
382 1623 476 1690 Valla
507 1625 587 1690 nihil
617 1627 710 1693 docet
738 1626 832 1692 certi:
867 1626 970 1705 „idem
1002 1625 1129 1692 edocuit
1160 1629 1196 1690 ut
1226 1623 1423 1690 trierarchos
1455 1628 1487 1689 ct

219 1742 380 1807 civitatum
410 1743 525 1828 duces,
550 1745 628 1811 data
651 1746 696 1811 eis
721 1747 872 1830 pecunia,
897 1746 938 1811 ad
962 1746 1047 1811 hanc
1069 1765 1137 1810 rem
1164 1743 1225 1809 sibi
1249 1742 1487 1808 concedendam

218 1859 410 1926 induceret”.
1158 1836 1161 1842 Ι

263 1985 283 2061 ξ
307 1979 336 2044 4.
370 1979 460 2065 Vulg·
492 1982 599 2046 τούτων
630 1982 654 2046 δ’
678 1981 873 2064 Ἑρμοκράτης
897 2007 930 2046 τε
954 1983 1116 2054 ἠναντιοῦτο
1147 1981 1216 2059 ὑτερ
1239 1983 1290 2044 τοῦ
1314 1977 1486 2055 ξύμπαντος

217 2097 422 2176 ξομμαχικοῦ.
457 2098 483 2161 Β
514 2121 573 2182 pro
604 2100 655 2175 τέ,
690 2101 775 2185 quod
799 2098 934 2165 libenter
957 2098 1192 2175 desideramus,
1218 2097 1295 2180 legit
1318 2097 1485 2176 στρατηγὸς

218 2216 270 2293 civ,
297 2216 445 2282 omittens
470 2224 578 2284 autem
601 2219 634 2284 in
660 2217 866 2302 sequentibus
889 2219 990 2301 μόνος,
1015 2217 1100 2301 quod
1125 2215 1230 2282 verbis
1247 2221 1296 2280 τοῦ
1313 2202 1485 2291 ξύμπαντος

219 2336 412 2416 ξομμαχιιιοῦ
437 2338 554 2420 optime
579 2338 768 2422 opponitur,
794 2357 899 2420 neque
922 2358 978 2401 cur
1000 2335 1133 2401 tollatur
1156 2355 1255 2400 causa
1278 2332 1345 2399 ulla
1369 2338 1485 2400 exstat.

220 2455 356 2521 Omnino
380 2455 457 2520 mihi
481 2456 609 2539 quidem
633 2454 739 2539 placet
762 2454 876 2520 Stahlii
891 2454 1004 2538 lectio,
1029 2473 1087 2536 pro
1103 2452 1136 2517 τέ
1152 2458 1319 2536 assumpto
1336 2451 1486 2519 Vaticani

219 2572 384 2652 στρατηγός
416 2574 467 2648 όν,
501 2579 624 2640 servato
656 2579 762 2639 autem
795 2572 942 2656 vulgatae
974 2572 1075 2651 adver,
1106 2592 1200 2654 quem
1232 2571 1266 2634 in
1297 2569 1429 2636 modum
1452 2576 1486 2636 ut

220 2693 424 2759 restituamus
449 2693 640 2777 scripturam
656 2683 779 2758 ‘suadet
801 2691 910 2758 Valla:
930 2693 956 2775 1)
993 2711 1148 2774 „quorum
1171 2689 1236 2755 dux
1259 2689 1485 2755 Hermocrates

221 2812 306 2877 solus
330 2811 468 2877 omnium
493 2811 733 2890 adversabatur,
758 2810 885 2876 socialis
901 2809 1012 2875 classis
1031 2805 1184 2874 nomine’'.
1209 2805 1356 2872 Ceterum
1373 2806 1485 2873 audias

221 2929 375 2995 Stahlium
407 2929 440 2993 in
465 2929 672 2994 annotatione
696 2929 808 2994 critica
834 2928 1010 3011 „editores,
1036 2927 1090 3010 qui
1114 2931 1242 3011 praeter
1266 2950 1299 2989 τε
1324 2932 1381 2991 aut
1403 2926 1484 3001 μόνος

220 3053 276 3113 aut
305 3047 471 3127 στρατηγὸς
502 3047 536 3112 όν
567 3046 732 3123 omittunt,
765 3045 856 3111 valde
888 3045 1052 3111 falluntur.
1084 3066 1159 3110 nam
1183 3043 1289 3109 τούτων
1314 3044 1397 3120 μόνος
1422 3064 1485 3109 non

221 3169 367 3233 convenit
400 3170 477 3242 aibr
511 3172 567 3231 τῶν
603 3169 781 3246 Συρακοσίων
816 3164 921 3231 verbis
955 3170 987 3229 et
1021 3162 1140 3228 nudum
1164 3161 1329 3240 στρατηγὸς
1353 3160 1388 3225 ὥν
1413 3161 1484 3227 huic

220 3286 290 3352 loco
322 3286 404 3352 male
435 3293 546 3371 aptum
576 3293 626 3353 est
656 3292 788 3371 propter
812 3287 872 3369 29,
897 3286 934 3368 23
967 3282 1119 3368 adjuncto
1147 3288 1255 3349 autem
1277 3281 1362 3358 μόνος
1386 3280 1483 3365 signi·

220 3401 336 3469 ficetur
359 3404 598 3470 Hermocratem
624 3405 726 3470 solum
750 3403 849 3469 luisse
871 3403 1117 3487 imperatorem,
1151 3401 1206 3484 qui
1229 3399 1483 3466 adversaretur’'.

222 3520 386 3586 Scribatur
409 3543 481 3587 cum
503 3522 530 3587 B
554 3522 663 3592 παντὸς
687 3543 746 3606 pro
771 3520 918 3606 vulgatae
941 3519 1111 3596 ξύμπαντος
1128 3540 1242 3599 necne,
1266 3539 1330 3584 non
1348 3521 1483 3583 constat.

265 3644 285 3722 fi
309 3639 341 3703 5.
371 3639 464 3723 Vulg‚
495 3635 526 3704 cri
556 3642 583 3711 ἐς
614 3641 777 3715 Ἀύνναόοος
808 3640 939 3721 πρότερον
962 3641 1161 3713 ύτοοτῆναι
1185 3638 1322 3714 ύνύιιοονς
1347 3635 1374 3700 Β
1399 3639 1484 3701 recte

222 3759 238 3833 ἢ
262 3760 439 3836 ἀποστῆναι,
464 3758 525 3822 nisi
548 3759 631 3824 forte
654 3759 757 3842 ipsum
782 3758 971 3825 vocabulum
995 3758 1146 3825 omissum
1171 3755 1306 3832 efficiat,
1332 3760 1368 3820 ut
1383 3756 1484 3821 inter·

221 3876 417 3960 palationem
449 3875 591 3942 redoleat
625 3879 799 3953 ύτοοτῆναι.
836 3876 946 3944 Valla:
984 3897 1088 3963 „quae
1122 3896 1181 3957 pro
1215 3873 1483 3957 Atheniensibus,

221 4001 394 4078 antequam
418 3994 458 4060 ab
482 3994 527 4060 eis
550 3994 739 4077 deficerent,
764 4000 911 4080 sumptus
934 3994 1040 4060 facere
1065 3991 1212 4060 solitae''.

255 4368 283 4434 l)
301 4368 332 4418 In
350 4369 473 4420 editionis
492 4369 602 4418 minoris
619 4367 786 4433 praelatione.
