3098 4988
751 283 791 348 18

134 517 244 584 sicem.
291 518 447 603 Equidem
481 525 562 604 puto
584 518 659 585 olim
679 520 776 604 juxta
799 518 840 584 rol
863 519 892 582 ἐν
914 525 951 600 τῇ
974 525 1016 600 γῇ
1041 513 1208 601 adpictum
1232 513 1341 584 fuisse
1362 519 1408 593 rb

134 640 253 727 bolo,
275 642 362 726 quod
385 643 707 730 interpretamentum
728 644 763 709 in
785 641 926 710 auctoris
951 639 1130 724 scripturae
1146 636 1259 703 locum
1280 636 1409 704 devenit

135 758 308 846 Vulgatem
338 763 435 832 etiem
466 764 595 850 placere
617 770 751 850 propter
774 763 958 848 oppositum
980 760 1005 825 ot
1029 760 1058 823 ἐν
1081 764 1140 830 τοῖς
1164 757 1304 839 πλοίοις,
1328 763 1410 826 recta

135 877 214 946 vidit
234 879 393 952 Beucrus.

178 997 261 1065 Ibid.
300 1000 393 1087 Vulg.
431 1008 464 1070 et
502 1017 524 1070 Β
561 1003 616 1082 ἔξω
650 1003 830 1086 (edocerer.
877 999 989 1067 Valle:
1028 1002 1140 1080 „extra
1169 996 1276 1064 ictum
1318 997 1412 1085 sagit·

134 1116 269 1197 tarum’'‚
292 1120 427 1207 Egregie
451 1121 563 1190 Veliae
585 1122 861 1209 interpretationis
884 1119 1023 1205 pretium
1047 1116 1195 1184 hocloco
1213 1117 1411 1186 denotatum

134 1236 169 1305 Si
191 1238 366 1324 excipimus
389 1239 589 1320 Parisinum,
611 1243 644 1308 in
669 1262 733 1327 qno
745 1242 840 1328 juxta
859 1239 1021 1325 vulgatam
1036 1235 1217 1303 recentiore
1233 1257 1341 1304 manu
1359 1236 1412 1304 ad·

134 1355 256 1440 pictum
286 1363 336 1424 eet
361 1357 558 1447 τοξεύμοοτος,
581 1360 688 1428 nullus
712 1361 794 1427 alius
818 1358 919 1426 codex
942 1376 1050 1423 veram
1074 1353 1275 1440 scripturam
1301 1355 1411 1422 refert

179 1474 261 1541 Ibid.
286 1476 378 1564 Vulg.
401 1480 615 1567 προεκθέοντες,
638 1492 661 1546 Β
684 1479 776 1546 addit
797 1503 844 1545 τε.

179 1593 261 1661 Ibid.
286 1595 378 1684 Vulg.
409 1597 633 1684 ξυστρεφδμενοι
657 1601 687 1664 ἒν
711 1597 854 1680 ἐπιχωρίῳ
877 1593 979 1680 addest
1013 1593 1059 1660 sic
1081 1604 1263 1677 Bquoque.
1298 1592 1412 1662 Valla:

136 1717 193 1800 „nt
230 1719 357 1802 tempus
395 1717 530 1787 ferebat.
584 1719 768 1805 Stephanus
804 1718 872 1803 jam
907 1712 1089 1782 annotarit:
1133 1709 1249 1792 „Valla
1286 1711 1413 1780 videtur

134 1831 249 1918 legisse
280 1837 426 1918 εὀιικοοιοίῳ
455 1839 564 1924 potius
595 1860 693 1924 quem
725 1834 901 1919 trrzeplp’t
947 1835 996 1902 Ab
1021 1831 1169 1901 omnibus
1191 1831 1298 1918 igitur
1322 1831 1411 1928 libris

134 1952 255 2020 recedit
285 1955 398 2044 Valle,
430 1978 535 2043 neque
564 1965 674 2026 temen
706 1957 879 2025 absurdam
902 1955 953 2022 vel
975 1954 1139 2023 contextui
1162 1953 1271 2020 minus
1300 1959 1410 2040 aptam

135 2072 280 2142 referens
302 2077 482 2145 lectionem.

179 2191 257 2284 §da
288 2196 378 2282 Vulg.
402 2197 561 2280 διέφθειρον
686 2199 716 2271 ἐς
738 2196 824 2262 εἴκοσι
847 2195 986 2273 μάλιστα
1010 2192 1120 2264 ἱππέας
1143 2216 1181 2258 τε
1204 2191 1258 2258 καὶ
1282 2195 1409 2266 ὁπλίτας
1433 2272 1436 2277 ¹

134 2315 220 2394 ὁμοῦ,
247 2328 269 2382 Β
293 2321 325 2384 et
347 2317 444 2385 Velle
467 2317 620 2385 omittunt
642 2342 676 2383 τε
695 2319 788 2404 jure,
813 2317 883 2394 ὁμοῦ
907 2314 1009 2398 enim,
1032 2312 1119 2398 quod
1136 2312 1270 2398 saepius
1292 2335 1408 2401 perpe·

134 2454 204 2499 ram
234 2455 306 2501 cum
338 2435 543 2521 sequentibus
575 2437 794 2524 conjungitur,
826 2434 958 2521 respicit
987 2433 1030 2501 ad
1060 2433 1170 2505 ἱιιιιὲοος
1201 2433 1254 2499 κον)
1281 2436 1409 2507 tratres

133 2552 270 2665 ideoque
293 2558 329 2620 ut
351 2555 448 2641 plane
471 2555 614 2622 abundet
636 2557 796 2642 particula
819 2553 928 2622 efficit.

179 2790 284 2878 Caput
314 2795 355 2860 31
386 2792 411 2884 ξ
444 2797 471 2860 1.
505 2795 596 2882 Vulg
630 2795 785 2860 decresco
815 2797 854 2860 ἔκ
883 2803 936 2869 τῆς
966 2804 1005 2860 Κο
1006 2791 1128 2874 ρκύοοοςς
1158 2789 1243 2856 Bet
1269 2791 1300 2870 Q
1333 2793 1410 2870 ἐπὶ,

134 2917 237 2999 recte,
262 2917 298 2978 nt
320 2913 430 2981 Valla.
457 2914 517 2999 „in
540 2913 711 3001 Corcyram
734 2911 933 3000 trajiciens”

178 3032 260 3099 Ibid.
284 3046 306 3101 B
330 3033 444 3100 ὅλκοδοο
466 3034 608 3113 ὁρμοῦσιν
631 3037 660 3100 ἐν
685 3040 757 3118 darei
883 3030 976 3112 εὑρών.
1012 3028 1184 3096 Classenus
1209 3034 1243 3096 et
1259 3027 1411 3100 Stahliut

133 3173 198 3219 non
231 3154 420 3222 dubitarunt
451 3156 549 3223 solius
578 3154 728 3222 Vaticani
754 3155 837 3234 εὑρὼν
866 3153 900 3219 in
922 3157 1045 3219 textum
1068 3151 1230 3237 recipsrc;
1256 3155 1354 3235 quod
1377 3159 1413 3222 ut

133 3269 308 3353 faciamus,
340 3275 456 3342 suadet
485 3274 582 3340 ctiam
606 3273 718 3341 Valla:
745 3293 876 3354 „navem
901 3271 1081 3339 onerariam
1103 3270 1137 3335 in
1160 3268 1243 3336 Phia
1267 3316 1354 3342 ...,
1378 3272 1412 3338 in

134 3391 272 3459 statione
295 3391 439 3463 nactue”.

177 3509 202 3602 ξ
224 3512 257 3578 4.
279 3512 370 3599 Vulg.
394 3515 451 3595 οὐχ
474 3512 577 3584 tacete
600 3512 728 3591 οὕοοος,
753 3525 775 3578 Β
798 3508 904 3589 οἶνοι,
929 3510 1015 3596 quod
1038 3508 1211 3576 classense
1227 3529 1297 3575 non
1314 3532 1408 3580 rece·

133 3629 192 3714 pit.
237 3632 287 3697 Ex
309 3631 404 3699 Velle
427 3631 507 3698 nihil
529 3630 723 3718 proficimus.

178 3747 202 3840 ξ
225 3751 255 3816 5.
278 3750 369 3816 Libri
391 3771 502 3819 omnes
523 3749 617 3832 ὥσπερ
635 3751 684 3817 acl
701 3750 815 3833 strala.
840 3749 950 3816 Vellar
976 3745 1265 3833 „quemadmodum
1282 3747 1412 3817 dictum

134 3870 215 3941 est''.
246 3870 428 3956 Stephanus
459 3871 698 3938 animadvertit:
732 3871 798 3952 „ita
820 3871 914 3936 vertit
900 3868 1055 3955 t(Valle)
1079 3867 1238 3953 quesio'pp
1209 3868 1293 3948 μονοις
1319 3869 1410 3958 lege-

132 3996 239 4077 retur,
268 3993 435 4073 nonppaa
389 3989 464 4066 ον”.θ
511 3989 581 4055 Etsi
604 4011 662 4075 per
684 4009 719 4055 sc
741 4009 806 4054 non
829 3986 912 4053 male
935 3986 1001 4053 dict
987 3993 1055 4053 tum
1079 3996 1128 4052 cst
1150 3988 1193 4065 ἔοι
1179 3985 1265 4065 olla,
1291 3993 1408 4058 tamen

133 4113 316 4194 proptera
342 4110 382 4176 16
406 4107 430 4200 ξ
456 4108 472 4172 l
497 4109 547 4173 καὶ
570 4107 769 4189 ξυνάρχοντας
793 4109 873 4188 aare}
897 4104 1037 4172 εἵλοντο
1062 4104 1245 4182 Δημοσθένην
1266 4132 1336 4177 τε.

133 4224 182 4289 κο)
213 4227 415 4307 Εὐρυμέδοντα
439 4247 459 4294 a
482 4226 610 4312 vulgata
633 4224 782 4292 recedere
805 4225 912 4292 nolim.
957 4224 1043 4291 Fieri
1066 4228 1185 4308 potest,
1210 4228 1248 4290 ut
1270 4159 1408 4297 incuria

134 4343 198 4408 sive
220 4344 403 4429 ignorantia
425 4343 538 4410 Vellae
561 4344 655 4410 lectio
679 4342 871 4428 explicanda
894 4343 944 4409 sit.
