3098 4988
680 308 720 388 tr

63 555 177 632 inserit
200 565 302 645 πεζὸν,
327 565 412 648 qnod
436 563 546 642 Vallo,
570 561 664 640 aiibi,
690 569 727 628 ut
749 561 796 628 ait
820 561 981 640 Scantius,
1005 562 1072 629 fere
1097 584 1221 646 semper
1245 551 1333 629 Vati·

65 706 147 751 oano
182 685 401 761 consentiens,
431 685 506 768 jure
537 682 689 768 neglexit,
724 682 801 766 quia
829 681 970 747 barbara
994 687 1029 746 nt
1051 680 1109 759 fiat
1132 683 1227 749 lectio
1253 682 1333 749 facit

64 804 337 871 additamentum:
366 823 479 888 graece
503 803 631 870 omnino
654 802 824 869 dicendum
848 810 921 869 erat
943 802 992 868 σὸν
1016 802 1140 883 σποασθν
1163 804 1211 869 σὸν
1236 804 1332 886 πεζόν.

66 924 177 991 Valla:
205 925 397 1008 „resumptis
420 923 485 990 suis
509 923 609 1006 copiis
632 921 761 1006 trajecit
782 922 816 986 in
840 920 964 988 Chium.

109 1163 216 1244 Caput
246 1162 289 1226 24
311 1158 335 1250 ξ
363 1162 390 1227 l.
420 1159 512 1245 Vulg.
537 1159 679 1238 ἔσπασαν,
704 1173 726 1225 Β
751 1157 883 1240 ὕστερον,
908 1160 1003 1226 male.
1038 1160 1150 1227 Valla:
1184 1169 1333 1242 „erecto

64 1280 255 1366 trophaeo.’'

108 1399 133 1490 ξ
158 1402 188 1467 2.
212 1398 304 1484 Vulg.
328 1400 360 1463 ἐκ
383 1397 502 1475 Λέσβου
525 1399 553 1463 Β
576 1403 650 1464 ants
674 1397 792 1476 Λέσβου
815 1396 913 1464 habet
936 1404 1005 1480 τοῦ,
1029 1399 1115 1484 quod
1138 1399 1279 1467 Stahlius
1301 1407 1333 1467 et

64 1518 299 1585 Herwerdenus
324 1537 388 1584 non
410 1521 610 1601 receperunt.
655 1515 766 1583 Valla:
794 1537 854 1597 „ox
877 1516 1013 1585 Lesbo.''

109 1637 192 1705 Ibid.
227 1636 317 1721 Vulg.
349 1636 381 1702 ἐκ
411 1661 444 1701 σε
476 1638 636 1701 Οἷνουσσῶν
672 1641 728 1701 τῶν
763 1638 816 1716 πρὸ
840 1637 908 1703 Χίου
931 1638 1021 1713 νήσων
1045 1639 1094 1703 καὶ
1118 1640 1150 1703 εὀο
1175 1637 1331 1714 Σοδούσσνς

64 1758 113 1823 καὶ
149 1759 182 1822 ἐκ
215 1763 361 1834 Πτελεοῦ,
396 1753 416 1821 ἃ
452 1757 480 1820 ἕν
512 1765 549 1837 τῇ
581 1755 731 1834 Ἐρυθραίαν
763 1751 843 1834 εἶχον
873 1756 960 1836 τείχη
993 1757 1147 1834 ὁρμώμενοι
1181 1758 1230 1822 τὸν
1263 1757 1332 1836 πρὸς

63 1877 130 1948 ποὺς
154 1875 236 1947 Χίους
261 1875 389 1952 πόλεμον
411 1874 471 1940 οὶπὸ
494 1881 549 1940 πῶν
572 1881 637 1938 νεῶν
661 1875 814 1940 ε’ποοοῶνσο.
849 1873 876 1938 Β
899 1880 973 1958 post
991 1878 1078 1956 τείχη
1095 1875 1186 1942 addit
1200 1878 1333 1961 ῶοοῆροιν,

63 1995 269 2061 tribuendum
300 1995 468 2079 interpreti
499 1995 571 2077 qui,
603 1994 792 2059 medicinam
817 1992 970 2060 adhibere
992 2001 1131 2080 putans,
1156 1997 1333 2064 sententiae

66 2121 211 2181 tenorem
235 2113 385 2180 turbavit.
410 2113 575 2191 Quomodo
591 2113 674 2180 enim
691 2134 731 2178 ex
750 2113 903 2180 Oennssis
918 2114 1049 2200 insulis,
1071 2136 1110 2181 ex
1127 2114 1277 2195 Sidoussa,
1294 2137 1334 2182 ex

66 2233 175 2298 Pteleo
192 2233 361 2317 enavigare
376 2237 550 2316 potuerunt
564 2231 805 2299 Atheniensium
822 2233 919 2299 duces
936 2238 1049 2300 contra
1064 2232 1186 2322 Chium,
1205 2235 1333 2301 eodem-

67 2373 128 2436 que
152 2357 296 2436 tempore
320 2372 337 2416 o
362 2350 490 2417 Lesbo?
523 2351 611 2430 Quae
635 2349 809 2418 difficultas
832 2357 934 2418 restat
951 2353 1076 2418 etiamsi
1093 2374 1164 2419 oum
1180 2352 1334 2421 Olosseno

66 2470 120 2554 (oi.
151 2470 234 2537 Krit.
265 2469 363 2554 Anh.)
395 2469 561 2536 scribimus
591 2472 707 2550 οὶπῆραν
738 2473 769 2534 ἐκ
800 2478 852 2543 τῆς
876 2471 995 2547 Λέσβου
1018 2472 1068 2535 καὶ
1092 2472 1246 2551 ὅομῶμενοο
1271 2475 1332 2541 κπὲ.

65 2590 242 2673 Corruptus
266 2610 343 2655 sane
366 2589 455 2655 locus
479 2595 529 2656 est
536 2616 545 2667 ;
570 2589 656 2673 quod
679 2589 775 2655 etiam
800 2588 938 2656 efficitur
960 2611 1000 2656 ex
1015 2590 1126 2671 Vallo,
1149 2592 1205 2676 qui
1220 2594 1332 2660 vertit:

68 2729 171 2794 „quos
194 2730 303 2774 muros
324 2710 357 2773 in
381 2708 561 2794 Erythraea
584 2707 764 2787 habebant,
794 2709 989 2776 diruerunt.’'
1034 2710 1096 2776 Pro
1119 2714 1234 2792 απῆραν
1256 2712 1334 2796 legit

64 2827 163 2912 igitur
185 2829 334 2902 καθεῖλον,
360 2827 447 2911 quod
472 2835 619 2912 superest
640 2828 675 2892 in
699 2827 726 2892 D
750 2834 782 2894 ot
805 2827 829 2894 Ι.

110 2945 136 3036 ξ
159 2948 190 3013 3.v
211 2946 304 3030 Vulg.
328 2951 472 3026 Βολθσσςο,
495 2951 532 3012 ut
555 2945 648 3012 Valla
674 2944 883 3031 „Bolissum'',
907 2944 934 3009 B
957 2952 1043 3013 recte
1067 2949 1194 3028 Βολίσαςο
1209 2948 1247 3033 1).

108 3063 133 3154 ξ
162 3066 195 3131 4.
231 3065 323 3151 ang‚
354 3073 413 3131 Χῖον
443 3065 502 3145 pap
533 3065 610 3141 μόνον
642 3066 722 3141 μεποὶ
755 3067 999 3142 Λακεδαιμονίους
1130 3068 1334 3146 εὐδαιμονή-

64 3209 192 3256 σαντες
225 3181 293 3262 ῶμα
324 3184 374 3249 καὶ
399 3183 609 3269 ἐσωφρόνησαν,
632 3183 659 3247 Β
679 3184 752 3269 jure
775 3183 1037 3260 ηὐδαομθννσοθν
1059 3210 1107 3250 τε.
1155 3186 1225 3252 Duo
1249 3185 1339 3250 enim'

64 3303 164 3370 rerba
196 3301 289 3368 finita
321 3308 357 3367 nt
380 3308 601 3386 exspectemus
625 3301 703 3368 facit
725 3299 803 3380 ῶμα.
851 3300 994 3369 Stahlius
1014 3303 1083 3389 jam
1106 3303 1334 3371 animadvertit

65 3421 180 3488 Vallae
205 3442 276 3486 oum
299 3421 325 3487 B
350 3442 556 3487 consensum:
583 3420 692 3502 „boati
714 3426 747 3486 ot
768 3421 864 3486 iidem
888 3421 1024 3487 modesti
1048 3420 1266 3489 exstiterunt.”

111 3541 205 3625 Vulg.
230 3541 319 3621 πθσῳ,
344 3547 432 3607 recte
455 3547 487 3606 et
511 3540 624 3607 Valla:
650 3538 736 3620 „oo''.
758 3539 786 3603 B
808 3540 924 3620 τοσῷδε.

110 3657 134 3749 ξ
165 3660 196 3724 5.
230 3658 322 3743 Vulg.
352 3660 446 3725 unice
477 3680 586 3724 verum
615 3658 867 3743 comparativum
890 3659 991 3725 refert
1013 3659 1047 3724 in
1070 3661 1093 3724 εἰ
1117 3665 1201 3726 τοῦτο
1225 3661 1333 3727 δοκοῦσι

63 3779 148 3859 παρῶ
180 3778 214 3842 σθ
245 3779 517 3858 ἀσφαλέστερον
549 3777 659 3858 ποῶξοοο
689 3783 726 3843 ut
756 3776 867 3844 Valla:
899 3778 1095 3858 „siminus
1120 3786 1207 3846 tuto
1232 3780 1333 3845 moliti

64 3917 136 3964 esse
158 3894 335 3963 videntur.''
380 3896 408 3960 B
432 3917 580 3980 perverso
603 3895 851 3979 οὶσφοωέσπασον,
878 3903 915 3962 ut
937 3897 1035 3962 etiam
1058 3899 1086 3969 ἐς
1110 3918 1169 3981 pro
1192 3900 1226 3964 εἰ.

110 4013 194 4081 Ibid.
226 4013 318 4098 Vulg.
350 4015 367 4090 ἢ
400 4017 498 4093 μεποὶ
521 4022 663 4080 πολλῶν
686 4041 726 4080 πε
750 4017 921 4092 κῶναθῶν
943 4014 1153 4096 ξυμμάχων
1176 4017 1333 4094 ἔμελλον

63 4133 397 4213 ξυνκονδυνεθσεον,
429 4146 451 4198 Β
483 4135 499 4208 ἥ
531 4136 630 4211 μενῶ
662 4139 805 4198 πολλῶν
835 4159 874 4199 πε
901 4136 1073 4211 κῶγαθῶν
1103 4133 1330 4219 ξυμμάχων,

71 4299 318 4309 ——.--—--—-

98 4403 127 4471 t)
146 4403 179 4454 of.
197 4403 276 4468 praef.
294 4415 352 4467 pag.
366 4399 436 4450 VIII.
