3098 4988
152 383 188 428 1v
672 378 902 428 PRAEFATIO.

151 625 252 698 Q
267 584 432 698 Q
450 606 814 704 ΜΨ
845 604 937 671 valde
961 604 1108 688 egregius
1126 605 1168 670 sit
1181 603 1369 684 habendus,
1387 606 1403 669 i:

150 724 275 790 duobus
306 729 413 791 tamen
443 724 673 810 posterioribus
705 725 857 791 lectiones
887 729 1000 790 tantae
1030 725 1249 808 praestantiae
1281 726 1404 808 gratita

147 843 254 927 tisque
293 843 421 930 saepius
459 844 602 921 exhibet,
640 849 676 909 ut
713 844 868 922 editores,
907 844 1039 928 reliquis
1081 842 1318 928 exemplaribus
1352 844 1406 911 fer·

149 962 320 1048 neglectis,
342 985 441 1029 unum
464 964 490 1028 B
513 965 547 1029 in
571 962 732 1047 scriptura
754 962 927 1029 statuenda
950 963 1117 1030 consulere
1142 964 1275 1031 soleant.
1330 964 1407 1041 Quor

147 1089 183 1148 ut
205 1083 346 1149 hicillic
369 1084 512 1150 lacerent
534 1084 593 1150 uiri
616 1083 703 1150 docti
726 1083 787 1149 etsi
810 1083 855 1149 nil
877 1082 1000 1151 infitior
1018 1085 1124 1169 justas
1141 1090 1267 1150 exstare
1283 1105 1409 1169 causas

147 1202 352 1271 nihilominus
383 1204 496 1288 opinor
525 1202 652 1295 longius
683 1224 780 1287 quam
811 1225 850 1270 ex
882 1226 917 1271 re
945 1203 987 1271 sit
1010 1203 1044 1268 in
1067 1202 1240 1288 probandis
1265 1204 1410 1270 Vaticani

55 1306 59 1317 ’
84 1333 93 1359 ”
146 1322 336 1389 lectionibus
365 1343 553 1408 progressos
582 1344 651 1388 esse
674 1323 812 1390 editores
835 1323 1028 1390 recentiores
1052 1329 1085 1389 et
1108 1323 1265 1408 imprimis
1289 1322 1412 1390 Classe-

144 1462 238 1521 num,
262 1463 356 1526 quern
380 1447 541 1509 caeterum
564 1441 694 1508 honoris
718 1463 817 1509 causa
839 1442 977 1509 nomino.
1017 1442 1096 1508 Inde
1120 1464 1140 1509 a
1164 1441 1310 1509 Bokkero
1326 1449 1413 1527 post·

146 1582 243 1644 quam
273 1560 423 1628 Vaticani
453 1562 556 1645 gloria
585 1560 751 1641 inclaruit,
781 1561 911 1628 tandem
935 1561 1106 1628 Classenus
1130 1584 1168 1628 eo
1192 1562 1413 1628 admirationis

145 1681 318 1764 processit,
342 1686 377 1746 ut
400 1681 561 1747 vanarum
583 1681 618 1745 in
640 1681 667 1745 B
683 1681 854 1747 lectionum
868 1681 1002 1748 rationis
1019 1689 1218 1766 naturaeque
1234 1682 1413 1762 immemor,

144 1801 296 1865 temerius
319 1798 417 1884 paulo
442 1820 538 1882 quam
561 1799 665 1867 verius
688 1799 804 1866 librum
828 1800 982 1885 optimum
1006 1802 1047 1866 ait
1071 1807 1207 1868 secutus.

190 1921 374 2003 Antequam
398 1924 505 1985 autem
529 1920 568 1985 de
591 1918 742 2007 Vaticani
764 1918 867 2002 pretio
882 1919 917 1983 in
933 1917 1057 1986 duobus
1072 1918 1162 1985 libris
1179 1920 1413 2003 posterioribus

145 2062 203 2135 pro
228 2044 314 2106 certo
338 2040 415 2123 quid
439 2045 581 2105 statuere
604 2038 693 2118 licet,
717 2038 820 2122 primo
844 2039 884 2104 de
908 2040 1026 2106 codicis
1043 2039 1228 2106 condicione
1243 2045 1275 2105 et
1291 2046 1409 2107 natura

145 2159 206 2226 erit
242 2157 475 2241 inquirendum.
521 2157 559 2221 In
598 2155 805 2222 di'udicanda
838 2157 1010 2223 lectionum
1044 2158 1247 2241 praestantia
1282 2158 1410 2224 omnino

145 2279 247 2344 critici
281 2298 350 2344 esse
384 2275 523 2343 arbitror
557 2275 723 2342 attendere
754 2279 861 2341 utrum
892 2274 1071 2359 scripturae
1101 2275 1336 2359 discrepantiae
1370 2273 1411 2340 ab

144 2403 275 2465 auctore
305 2397 376 2481 ipso
408 2392 540 2460 trahant
571 2393 725 2477 originem
748 2414 791 2459 an
815 2394 985 2460 correctori
1008 2394 1072 2459 sint
1094 2393 1291 2460 tribuendae.
1337 2393 1411 2460 Jam

144 2524 217 2569 vero
254 2499 400 2567 omnibus
438 2498 512 2564 viris
547 2498 666 2584 doctis,
706 2496 1409 2598 thQQt

145 2641 295 2715 on,
326 2623 473 2686 constare
504 2616 645 2683 arbitror
675 2615 761 2682 illius
789 2615 907 2682 codicis
937 2615 1036 2683 libros
1067 2616 1237 2701 septimum
1267 2622 1300 2682 et
1323 2622 1412 2682 octa-

144 2760 217 2805 vum
247 2734 469 2804 memorabiles
499 2733 572 2800 illas
600 2732 754 2800 lectiones
786 2733 972 2801 exhibentes
1002 2734 1178 2802 recensitos
1202 2756 1272 2801 esse
1296 2756 1317 2801 a
1340 2735 1406 2802 viro

145 2857 285 2944 quodam
327 2856 420 2922 docto
462 2853 628 2938 scriptoris
666 2853 769 2920 nostri
808 2853 934 2920 dicendi
971 2855 1105 2922 rationis
1144 2857 1173 2920 ἐν
1211 2861 1271 2926 τοῖς
1310 2855 1412 2933 πρώτῳ

145 2977 257 3061 perito.
302 2972 458 3058 Equidem
492 2979 598 3039 autem
621 2992 816 3055 quamquam
839 2993 904 3038 non
927 2972 1021 3040 modo
1045 2977 1225 3039 correctum
1249 2977 1297 3056 (ut
1320 2972 1411 3038 (llas-

147 3113 244 3160 senus
276 3093 397 3176 censet)
422 3091 615 3175 sedetiam,
647 3111 711 3175 quc
735 3088 808 3156 libri
832 3089 1009 3157 auctoritas
1033 3097 1186 3176 angetur,
1212 3112 1282 3156 cum
1308 3111 1414 3156 exem-

146 3213 230 3297 plari
253 3212 392 3297 quodam
415 3213 554 3297 optimae
577 3217 673 3277 notae
697 3208 848 3276 collatum
871 3231 940 3276 esse
962 3217 1041 3293 puto
1064 3209 1271 3289 Vaticanum,
1304 3214 1412 3275 tamen

147 3353 187 3398 ex
220 3333 282 3397 hac
317 3350 351 3395 re
386 3330 475 3415 ipsa,
511 3326 598 3412 quod
633 3324 822 3392 correctoris
857 3347 970 3392 manus
1004 3326 1179 3392 identidem
1212 3327 1413 3412 agnoscitur,

147 3471 272 3517 summa
309 3447 473 3532 vigilantia
511 3452 648 3532 apparet
685 3467 767 3530 opus
805 3467 874 3512 esse
902 3445 1418 3543 Ἥρω

148 3565 909 3664 ‹thumessemnsta
955 3564 998 3631 Et
1020 3565 1100 3631 haec
1125 3563 1197 3650 ipsa
1220 3585 1271 3631 res
1297 3563 1358 3630 fuit
1380 3566 1415 3630 in

147 3709 245 3774 quam
279 3683 465 3768 saepissime
499 3683 644 3767 peccavit
678 3682 866 3759 Classenus,
902 3682 957 3765 qui
990 3683 1031 3748 iis
1067 3702 1195 3766 quoque
1227 3681 1323 3768 locis,
1359 3682 1416 3748 ubi

148 3806 278 3891 uulgata
308 3802 441 3868 totidem
470 3805 549 3885 quot
579 3799 754 3867 Vaticanus
785 3803 910 3884 oportet
933 3804 1054 3884 puncta
1075 3797 1176 3876 ierat,
1201 3799 1320 3884 optimc
1344 3805 1417 3867 tan-

148 3931 216 3990 turn
254 3921 337 3988 libro
373 3918 471 3986 fidem
507 3917 639 4006 habuit,
673 3918 751 4002 quin
784 3916 881 3984 etiam
916 3916 1044 4001 saepius
1079 3917 1241 4002 vulgatam
1276 3917 1417 4003 probare

149 4040 323 4120 recusavit,
353 4038 409 4104 ubi
430 4039 457 4103 Β
481 4036 651 4104 manifesto
676 4035 904 4103 correctionem
928 4056 1063 4120 eamque
1085 4036 1245 4103 infelicem
1269 4037 1416 4122 praebet.

149 4160 302 4226 Nostrum
336 4159 420 4226 enim
455 4177 524 4224 esse
558 4155 706 4242 equidem
738 4160 818 4241 puto
841 4176 973 4240 operam
1009 4156 1087 4224 dare
1122 4177 1329 4242 nequaquam
1360 4165 1416 4247 ut,

150 4278 236 4363 quod
270 4276 472 4344 scribendum
506 4275 643 4343 fortasse
677 4279 778 4351 esset,
811 4294 926 4341 revera
961 4273 1093 4340 chartae
1127 4276 1315 4342 mandatum
1345 4296 1418 4343 esse

151 4397 401 4488 constituamus,
433 4396 490 4464 sed
520 4401 557 4465 ut
588 4417 685 4484 quam
713 4374 951 4463 accuratissime
974 4394 1138 4481 scriptoris
1161 4396 1324 4485 propriam
1351 4417 1418 4466 ma·
