3098 4988
683 311 725 376 51

64 602 67 607 .
115 544 196 612 lbid.
232 546 322 632 Vulg.
350 546 628 624 ἀπολειπόμενοι
657 561 679 614 Β
713 547 1007 627 ὑπολειπόμενοι,
1039 545 1128 631 quod
1161 545 1339 632 elegantius

71 668 122 731 est
143 665 272 733 dictum.
318 667 368 735 Ex
391 667 485 735 Valla
507 667 587 734 nihil
609 667 728 753 liquet:
755 664 1034 747 „deserebantnr’'.

115 782 197 849 Ibid.
220 783 313 870 Vulg.
336 785 378 851 roi
400 786 430 851 δὲ
453 787 516 867 περὶ
539 792 595 852 τῶν
618 789 647 852 ἐν
669 789 786 869 οὶφοιιεῖ
804 787 933 859 δεδιότας
956 788 999 866 μὴ
1023 812 1051 852 τι
1074 785 1204 871 πάθωσι,
1229 798 1293 852 Β..
1310 835 1340 851 ..

70 905 114 981 μὴ
144 904 268 969 πάθωσι.
313 905 485 973 Molestum
517 912 550 973 et
579 905 767 991 languidum
794 906 825 971 τί
855 905 950 971 Valla
982 905 1108 972 omisit:
1144 909 1197 985 „et
1218 905 1341 990 majore

74 1042 191 1107 „quam
224 1041 318 1107 quem
348 1022 499 1108 lacrymis
529 1024 743 1092 ostendebant
775 1046 918 1093 moerore
949 1030 1017 1090 tum
1041 1025 1143 1090 exiis
1167 1025 1340 1109 quaejam

74 1140 183 1226 „passi
205 1148 317 1220 erant,
341 1147 409 1209 tum
432 1164 472 1209 ex
494 1143 534 1210 iis
557 1165 640 1229 quae
656 1145 743 1212 intra
759 1165 811 1225 se,
835 1166 875 1211 ne
890 1150 1079 1230 paterentur
1094 1141 1339 1211 formidabant'.

115 1257 141 1349 ξ
162 1259 194 1337 5,
217 1259 313 1344 Vulg.
337 1260 447 1333 πάντες
471 1260 587 1348 ἔφερον,
612 1276 634 1329 Β
658 1263 758 1345 ἔφερον
781 1263 903 1337 πάντες.

115 1379 198 1446 Ibid.
223 1379 317 1466 Vulg.
352 1380 402 1446 acl
432 1382 539 1448 τούτων
571 1378 601 1446 οἵ
624 1407 658 1447 τε
688 1381 774 1449 ἄλλοι
805 1383 905 1466 ἔφερον
927 1383 1038 1457 πάντες
1060 1382 1079 1449 ὅ
1098 1408 1125 1449 πι
1147 1408 1192 1456 τις
1218 1381 1338 1449 ἕδύιιιτο

70 1499 167 1564 κατὰ
197 1500 235 1564 τὸ
264 1500 427 1585 marnam
451 1513 473 1566 Β
496 1523 555 1586 pro
578 1503 660 1567 narb
683 1500 716 1566 τὸ
738 1500 873 1586 praebet
896 1502 1071 1588 simplicius
1094 1499 1217 1574 ἕκαστος
1241 1501 1340 1568 etiam

71 1636 93 1680 a
125 1614 221 1681 Valla
253 1635 456 1701 expressum:
492 1639 647 1704 „quorum
679 1621 776 1686 ceteri
799 1639 926 1702 omnes,
951 1619 1173 1704 utquisque
1196 1623 1342 1704 poterat,

70 1730 133 1798 sibi
163 1732 255 1799 utilia
373 1734 527 1804 ferebat’'.
574 1737 757 1823 Kruegerus
785 1737 860 1814 fuit,
894 1738 949 1821 qni
971 1737 1140 1803 lectionem
1163 1736 1284 1802 variam
1307 1736 1343 1801 in

70 1848 169 1917 dnbio
200 1852 322 1935 posuit:
360 1849 502 1934 ‚abaco
535 1853 588 1920 fiir
616 1855 699 1920 κοτιὶ
729 1856 763 1920 τὸ
792 1856 863 1922 eine
894 1859 969 1940 gnte
992 1855 1048 1922 Hs.
1072 1854 1134 1920 Min
1158 1853 1283 1922 seheint
1307 1875 1341 1922 es

73 1970 220 2038 Glossem
251 1992 291 2036 zu
321 1973 375 2045 τις.
420 1970 515 2040 Denn
538 1994 613 2039 man
637 1978 727 2058 sagte
750 1973 831 2041 wohl
854 1969 977 2045 incerte
1000 1997 1063 2059 τις,
1101 1971 1180 2038 aber
1207 1972 1342 2039 schwer-

72 2088 140 2155 lich
163 2086 378 2163 πις-ἕκιιοποι”.
421 2090 595 2158 Classenns
619 2097 726 2183 antem
750 2098 783 2159 et
806 2091 949 2158 Stahlius
973 2092 1052 2158 duos
1075 2090 1211 2158 laudant
1236 2091 1342 2172 locos,

72 2208 108 2274 in
139 2207 255 2293 quibus
285 2209 330 2281 τὶς
360 2206 484 2283 ἕκαστος
514 2210 697 2278 inveniatur
726 2211 863 2297 ideoque
891 2213 967 2297 quin
992 2213 1146 2299 optimum
1171 2233 1343 2298 sequamur

76 2325 196 2393 librnm
220 2329 388 2414 serupulus
412 2334 516 2396 restat
538 2329 654 2398 nullus.

119 2446 202 2513 Ibid.
232 2446 325 2533 Vulg.
356 2450 438 2515 nicol
467 2473 501 2514 πε
530 2450 590 2516 aa).
619 2462 641 2514 Β
673 2454 706 2516 et
735 2449 832 2517 Valla
856 2451 930 2536 jure
953 2451 1105 2517 omittunt
1127 2476 1160 2516 τε
1185 2451 1234 2515 rol
1260 2471 1344 2536 quae

74 2565 164 2634 nullo
188 2566 283 2635 modo
307 2567 383 2636 ferri
405 2574 550 2653 possunt.

121 2684 203 2752 Ibid.
227 2686 320 2772 Vulg.
349 2686 453 2769 πεζοὺς
484 2688 513 2752 δὲ
536 2687 601 2753 dori
626 2688 783 2766 ιοιυβιιτῶι
805 2688 1023 2770 πορευομένους;
1050 2688 1077 2753 Β
1099 2687 1217 2755 rectius
1240 2686 1343 2769 πεζούς

77 2830 111 2870 πε
133 2805 192 2871 ari.
238 2802 333 2871 Valla
363 2803 494 2872 liberine
525 2806 620 2875 vertit
651 2827 749 2893 quam
779 2813 816 2873 nt
838 2809 878 2874 de
901 2807 1062 2893 scriptura
1085 2807 1153 2873 eius
1177 2807 1254 2892 quid
1278 2812 1344 2874 sta·

77 2934 168 2995 tuere
191 2927 361 3013 possimus.

122 3045 205 3113 Ibid.
235 3046 373 3126 ὁπλιτικῷ
404 3043 673 3126 προσσχόντας,
703 3057 725 3110 Β
756 3043 1003 3126 προσέχοντος
1034 3050 1138 3131 reate,
1169 3046 1215 3112 sic
1246 3046 1343 3113 etiam

79 3164 188 3234 Valla:
215 3170 359 3245 „armato
384 3163 503 3248 agmini
525 3163 628 3248 magis
652 3183 752 3248 quam
773 3162 868 3230 classi
891 3161 1070 3231 vacantes''.

124 3399 230 3487 Caput
253 3401 293 3467 77
317 3399 342 3490 ξ
368 3403 395 3467 1.
419 3401 508 3488 Vulg.
532 3399 574 3467 ἔτι
597 3402 646 3468 nal
670 3403 780 3466 ἐκτῶν
803 3401 968 3485 παρόντοιν,
992 3396 1013 3464 ὦ
1036 3402 1177 3475 Ἀθηναῖοι
1200 3400 1249 3465 scil
1266 3398 1345 3479 ξύμ-

79 3544 194 3607 μαχοι,
227 3521 332 3586 araba
358 3523 418 3603 xpi
442 3520 532 3602 ἔχειν.
568 3522 643 3588 vat.
667 3522 728 3588 hoc
751 3520 856 3605 capite
879 3519 921 3586 ἔτι
945 3520 1113 3606 omittens,
1137 3518 1193 3586 fini
1216 3541 1346 3606 praece·

80 3640 185 3707 dentis
208 3639 324 3725 capitis
344 3640 453 3726 jungit
473 3665 510 3706 rr.
544 3641 587 3707 Et
609 3639 739 3723 vulgata
759 3644 793 3706 et
811 3639 838 3704 B
855 3638 977 3723 aliquid
993 3659 1056 3723 quo
1074 3659 1108 3704 se
1124 3639 1346 3706 commendent

79 3759 217 3846 habent,
248 3760 309 3825 etsi
338 3759 478 3826 fortasse
508 3759 630 3844 majore
661 3779 733 3824 cum
756 3757 901 3841 emphasi
924 3757 1042 3823 dicitur
1063 3758 1113 3822 κιιὶ
1138 3759 1170 3822 ἐκ
1193 3765 1248 3823 τῶν
1271 3782 1344 3839 πορ-

80 3881 174 3947 όιιοι.
209 3879 303 3946 Valla
333 3880 438 3946 locum
469 3880 530 3946 hoc
561 3880 655 3945 modo
684 3879 932 3963 interpretatur:
971 3883 1025 3958 „et
1054 3899 1151 3969 quum
1175 3878 1285 3961 vellet,
1310 3883 1348 3943 ut

82 3999 138 4083 qui
171 3998 342 4084 plurimum
377 4004 501 4083 posset,
539 3997 693 4082 prodesse
728 3996 774 4062 eis
809 3996 842 4081 (i.
872 4017 898 4062 e.
933 3996 982 4060 κοιὶ
1018 3995 1193 4073 βουλόμενος
1227 3998 1263 4068 ὡς
1298 3996 1346 4060 ἐπὶ

81 4124 219 4183 πλεῖστοι
249 4120 374 4200 ὠφελεῖν
404 4141 432 4181 τι
456 4137 483 4181 c.
509 4115 565 4201 76)
596 4136 636 4181 ex
658 4114 821 4200 praesenti
843 4134 970 4199 quoque
992 4135 1097 4181 rerum
1125 4110 1231 4179 statu’'
1256 4113 1292 4200 (i.
1319 4134 1346 4180 e.

82 4236 132 4301 acl
163 4237 273 4300 ἐκτῶν
296 4235 467 4320 παρόντων).
507 4235 653 4320 Apparet
674 4232 771 4318 igitur
793 4254 883 4317 eum,
906 4232 993 4317 quod
1017 4232 1060 4298 ad
1082 4231 1208 4317 singula
1231 4233 1347 4299 attinet

83 4353 199 4432 verba,
238 4352 388 4419 Vaticani
422 4352 589 4420 lectionem
622 4350 761 4438 referre,
800 4357 922 4418 textum
952 4355 1058 4417 antem
1089 4348 1240 4417 habuisse
1271 4355 1347 4418 ante
