3098 4988
161 126 188 180 11
672 124 912 182 Pnnnrurro.

160 355 326 437 ἐγένετο,
357 355 455 420 κατὰ
486 356 563 436 θέρη
595 355 655 420 καὶ
686 361 875 436 χειμῶνας
903 357 991 438 μέχρι
1023 356 1056 424 οὗ
1086 360 1138 433 τήν
1162 385 1194 423 τε
1219 359 1315 440 ἀρχὴν
1340 360 1413 424 κατέ

159 497 280 538 ceuceu
303 481 358 538 τῶν
382 474 538 548 Ἀθηναίων
561 474 783 550 Λακεδαιμόνιοι
806 476 868 542 ari.
900 475 1009 543 Verba
1031 477 1170 559 γέγραφε
1276 486 1417 560 χειμῶνας

160 594 187 659 si
210 594 420 673 retineamus,
444 591 661 678 Thucydidem
684 595 782 661 totius
805 593 880 661 belli
903 594 1070 663 historiam
1096 597 1228 664 chartae
1251 598 1419 666 mandasse

159 734 287 781 necesse
316 717 366 779 est
394 718 592 797 statuamus,
624 733 695 778 cum
725 733 838 781 revera
867 715 1207 800 scriptorsubstiterit
1229 718 1263 783 in
1287 719 1420 784 conscri-

158 832 273 925 benda
296 833 382 916 apud
414 831 517 917 Cynos
548 832 643 899 Seme
673 854 789 927 pur—gna.
837 829 931 910 Quae
956 835 1038 900 enim
1071 835 1243 903 Classenus
1263 808 1422 904 ‘nahem

158 950 381 1018 difficultatem
404 951 540 1033 tolleret¹
553 951 593 1017 de
615 930 1012 1034 pippcpetradiditvera
1034 975 1105 1020 esse
1129 977 1192 1022 non
1216 957 1329 1044 credo,
1354 979 1425 1022 cum

157 1070 333 1154 perfectum
363 1071 424 1136 nisi
456 1070 496 1136 de
520 1091 617 1155 opere
640 1070 786 1154 perlecto
808 1071 911 1155 possit
934 1071 1085 1157 intellegi.
1132 1073 1222 1152 Quod
1247 1081 1355 1142 autem
1377 1076 1425 1141 vir

158 1190 270 1257 doctus
301 1195 455 1274 provocat
485 1188 528 1255 ad
558 1189 578 1255 l.
606 1188 639 1253 Il
661 1210 688 1256 c.
714 1189 730 1253 Ι
753 1189 926 1268 adaptemus
950 1190 979 1256 di
1001 1190 1067 1268 ἔξῆς
1091 1195 1127 1265 ὡς
1151 1190 1266 1259 ducere
1290 1196 1424 1272 ἐγίγνετο

157 1310 238 1374 aare
261 1309 333 1390 Αὲρος
356 1308 406 1373 acl
429 1314 566 1388 χειμῶνα
590 1306 709 1374 -fac
733 1308 832 1375 verba
854 1309 971 1377 haecce
989 1331 1009 1376 a
1024 1310 1292 1398 Thucydideipso
1308 1314 1424 1380 ducere

157 1429 311 1523 originem
345 1466 389 1478 -
423 1447 536 1494 moneo
571 1427 749 1512 perfectum
783 1427 957 1508 γέγρυττυι
988 1430 1087 1497 multo
1118 1432 1272 1516 majorem
1303 1431 1423 1499 habere

157 1546 295 1631 speciem
323 1567 420 1630 quam
443 1550 587 1613 nostrum
609 1546 759 1627 γέγραφε.
807 1544 895 1632 Opus
908 1548 1005 1621 -enim
1026 1549 1237 1637 Thucydidis,
1262 1551 1357 1634 quale
1381 1551 1423 1617 ad

154 1668 215 1733 nos
245 1667 408 1750 pervenit,
433 1686 498 1731 non
520 1686 583 1732 uno
612 1672 724 1733 tenore
747 1664 879 1732 chartae
903 1671 953 1733 est
975 1667 1179 1752 mandatum,
1204 1668 1280 1752 sed,
1304 1675 1341 1735 ut
1363 1668 1424 1734 hoc

81 1803 103 1857 ·,
156 1785 310 1871 temporis
343 1791 465 1869 puncto
492 1776 585 1868 'apud
616 1784 699 1852 viros
729 1785 840 1853 doctos
871 1791 1013 1864 constat,
1045 1792 1102 1851 τῶν
1132 1792 1315 1868 συγγραφῶν
1347 1807 1423 1871 pars

157 1906 262 1989 prior,
293 1904 458 1971 continens
487 1902 604 1970 librum
634 1904 773 1989 primum
806 1924 908 1987 usque
931 1905 973 1970 ad
996 1903 1070 1970 libri
1093 1905 1196 1989 quinti
1219 1911 1318 1990 caput
1341 1905 1424 1971 uice·

157 2025 288 2102 simum,
325 2023 501 2108 composite
536 2029 625 2107 erat,
661 2027 834 2106 antequam
868 2022 944 2089 belli
974 2022 1240 2109 Peloponnesiaci
1272 2046 1324 2091 ros
1347 2030 1423 2108 post

156 2164 275 2209 annum
305 2143 369 2208 421
394 2149 502 2227 gestas
526 2141 698 2209 enarrandi
721 2141 889 2208 consilium
910 2142 982 2208 iniit
1005 2143 1153 2226 scriptor.
1183 2141 1422 2240 1161131111·

156 2261 288 2357 Q
304 2262 348 2350 1):
375 2259 604 2346 „Thucydides'
627 2259 922 2347 Gesehichtswerk,
945 2260 1003 2328 wie
1019 2281 1053 2328 es
1075 2282 1135 2327 uns
1151 2261 1314 2328 dermalen
1330 2263 1424 2329 iiber·

154 2380 262 2449 lielert
291 2381 350 2462 ist,
379 2379 506 2447 besteht
536 2400 595 2447 aus
626 2379 701 2447 zuei
732 2378 821 2446 nicht
857 2378 891 2444 in
915 2380 1018 2446 einem
1041 2380 1128 2465 Zuge
1151 2380 1421 2469 geschriebenen,

156 2500 294 2566 sondem
323 2500 357 2564 in
387 2498 490 2565 einem
513 2497 699 2582 neitlichen‚
729 2485 833 2564 seiher
856 2497 1074 2584 Ausdehnung
1097 2499 1181 2567 nach
1207 2499 1296 2565 nicht
1319 2500 1423 2566 nither

155 2616 405 2685 bestimmbaren
434 2615 600 2684 Abstande
630 2637 690 2684 von
720 2616 874 2683 einander
903 2617 1136 2685 entstandenen
1160 2617 1309 2697 Theilen‚
1335 2618 1423 2685 einer

156 2736 347 2804 Geschichte
382 2736 438 2803 des
470 2736 603 2821 Krieges
634 2736 810 2802 431-421
841 2738 892 2823 (1,
928 2737 1030 2815 1-5,
1064 2737 1120 2824 20)
1134 2788 1162 2806 ..
1181 2785 1209 2805 ..
1239 2737 1305 2802 und
1336 2737 1424 2803 einer

156 2857 240 2923 nach
263 2855 330 2922 404
351 2856 578 2940 geschriebene
601 2856 829 2941 Fortsetzung‚
853 2854 942 2941 sqq.”
989 2856 1104 2941 ltaque
1129 2877 1200 2922 cum
1216 2855 1292 2923 belli
1309 2855 1423 2920 decen-

83 3023 84 3027 1
155 2975 239 3042 nelis
269 2974 404 3042 historia
433 2996 545 3043 revera
574 2997 595 3042 a
626 2969 781 3060 scriptore
805 2975 846 3042 sit
868 2974 1053 3061 elaborata,
1085 2975 1258 3055 oteramo
1283 2975 1423 3041 solemne

157 3100 206 3162 est
235 3092 412 3179 perlectum
442 3114 546 3179 neque
576 3099 612 3160 ut
644 3094 826 3178 opinionem
857 3094 1000 3161 Classeni
1032 3093 1264 3179 amplectamur
1291 3113 1422 3160 necesse

9 3272 35 3300 a
157 3193 245 3313 6811
248 3213 326 3295 „das
348 3212 528 3280 Perfectum
553 3211 723 3302 (υὲυρυφε)
738 3264 747 3282 .
761 3259 769 3280 .
784 3261 812 3279 ..
835 3213 879 3280 ist
899 3213 957 3280 wie
980 3213 1039 3280 das
1062 3213 1234 3293 γέγραπται
1259 3215 1298 3298 2,
1324 3212 1340 3277 1
1366 3212 1424 3277 der

157 3331 470 3400 schriftstellerische
494 3330 778 3418 Sprachgebrach‚
803 3332 860 3398 der
881 3331 926 3398 im
949 3330 1058 3399 Geiste
1081 3331 1133 3398 die
1148 3330 1351 3416 Vollendung
1367 3330 1423 3397 des

156 3459 443 3519 unternommenen
476 3451 609 3519 Werkes
643 3449 860 3536 anticipient.”
915 3451 960 3518 Ut
992 3451 1033 3517 de
1062 3451 1134 3517 loco
1165 3470 1262 3535 supra
1291 3449 1424 3517 laudato

158 3572 349 3638 sententiam
371 3570 513 3639 feramus
532 3571 674 3658 justam,
698 3575 829 3657 praesto
852 3569 945 3637 nobis
962 3573 1012 3636 est
1028 3569 1198 3656 Dionysius
1214 3568 1424 3635 Halicarnas-

158 3690 260 3757 sensis
292 3690 365 3775 qui,
401 3691 474 3757 odio
507 3711 565 3757 suo
596 3691 630 3756 in
661 3691 848 3776 scriptorem
878 3693 1022 3756 nostrum
1052 3692 1246 3770 commotus,
1277 3688 1311 3753 in
1341 3686 1424 3754 libro

158 3810 220 3890 περὶ
250 3815 306 3875 τῶν
334 3808 502 3876 Θουκυδίδου
525 3810 685 3888 ἰδιωμάτων
706 3809 794 3876 hisee
817 3806 922 3875 verbis
944 3807 979 3873 in
1001 3806 1218 3892 Thucydidem
1242 3805 1424 3874 invehitur:

158 3928 294 4009 πρόσεστι
324 3927 354 3994 δὲ
383 3927 474 4009 τούτῳ
503 3927 552 3995 καὶ
583 3930 615 3995 τὸ
645 3929 688 4006 μὴ
718 3925 811 4015 111Ᾰᾶ
843 3929 888 3993 δεῖ
915 3925 1071 4009 κεφάλαια
1102 3925 1340 4002 τετελευτηκέναι
1372 3926 1426 4001 τὴν

192 4196 219 4263 1)
239 4196 269 4250 Α.
287 4194 435 4263 1111111611,
454 4193 617 4270 Thucydides
637 4193 692 4248 und
709 4192 766 4246 sein
784 4191 1052 4246 Urkuudenmateriel
1069 4207 1129 4263 pag.
1145 4191 1202 4246 176.
1220 4191 1252 4244 cl.
1270 4205 1327 4261 pag.
1344 4189 1386 4246 85.
