3098 4988
807 322 850 389 64

194 571 328 651 greruut
350 565 470 645 hostes,
496 561 553 630 sed
576 564 736 630 interdum
760 563 893 649 legimus
917 568 967 628 τοῦ
993 561 1018 626 δ’
1044 562 1263 640 ἐπιγιγνομένου
1287 560 1377 643 δέρους
1402 561 1463 627 hoo

193 682 311 749 illudve
334 683 387 768 agi
410 688 558 768 coeptum
582 704 668 763 esse,
692 680 770 750 alibi
793 688 901 749 autem
924 679 993 760 ἅμα
1017 682 1046 747 δὲ
1070 683 1111 764 τῷ
1135 676 1187 761 ἦρι.
1222 680 1362 764 Ideoque
1382 678 1462 745 nihil

195 794 235 864 de
268 802 412 882 tempore
445 797 522 864 belli
553 797 685 882 singulis
716 797 808 863 annis
836 796 980 863 renovati
1003 800 1131 863 constat
1154 800 1188 862 et
1211 798 1459 862 consentaneum

194 921 243 983 est
265 916 389 982 eoelum
412 937 652 1001 nonnumquam
676 915 847 1000 quominus
870 913 989 982 bellum
1010 919 1219 982 renovaretur
1233 912 1462 998 impedimento

193 1034 300 1102 fuisse.
334 1036 486 1103 Attamen
517 1040 626 1103 nostro
656 1035 728 1101 loeo
759 1035 912 1120 majorem
942 1033 1080 1118 speeiem
1103 1031 1201 1100 habet
1222 1033 1250 1097 B
1274 1052 1372 1116 quam
1396 1031 1461 1097 vul·

193 1159 278 1240 gata
320 1154 434 1239 Capite
469 1155 554 1221 enim
588 1175 671 1221 nono
706 1154 847 1221 videmus
887 1152 1071 1221 Corinthios
1106 1150 1338 1237 expeditionis,
1373 1149 1463 1217 euius

195 1273 314 1340 mentio
337 1272 374 1339 fit
398 1295 423 1340 o.
446 1276 463 1340 7
485 1279 505 1357 ξ
534 1276 568 1352 1,
593 1273 732 1340 noluisse
748 1272 855 1340 faeere
870 1272 996 1338 initium
1012 1272 1076 1352 τρὶι
1092 1271 1129 1337 δα
1144 1271 1334 1348 erratas,
1359 1267 1463 1334 διτότε

194 1388 246 1473 ἦν,
270 1392 475 1475 trasmittere.
507 1392 643 1459 Isthmia
667 1399 774 1459 autem
798 1392 1046 1459 celebrabantur
1068 1394 1195 1458 aestate
1210 1390 1350 1455 ineunte.
1374 1389 1465 1454 Atta-

195 1534 268 1579 men
301 1533 450 1597 maguum
484 1512 638 1596 temporis
669 1512 809 1596 spatium
836 1511 890 1597 (ol.
915 1533 942 1579 o.
967 1512 986 1577 t
1011 1516 1043 1577 et
1067 1531 1094 1577 o.
1119 1510 1154 1595 8)
1179 1507 1361 1576 intercessit
1382 1508 1466 1574 inter

195 1632 279 1700 diem
314 1654 377 1717 quo
411 1632 657 1698 Lacedaemonii
688 1636 724 1697 ut
746 1631 833 1698 chiis
856 1630 994 1697 ferretur
1017 1629 1173 1697 auxilium
1197 1627 1411 1694 decreverunt
1433 1631 1464 1693 et

195 1752 343 1820 ludorum
366 1752 495 1818 illorum
519 1749 777 1818 celebrationem.
807 1750 958 1834 Sequitur
981 1755 1017 1816 ut
1040 1748 1188 1815 videatur
1210 1745 1381 1832 probanda
1397 1765 1466 1813 esse

195 1871 289 1938 lectio
318 1870 364 1956 B,
401 1869 452 1935 oui
486 1867 583 1935 Valla
618 1869 793 1937 consentit:
832 1869 980 1949 „ineunte
1016 1868 1125 1935 statim
1160 1887 1232 1934 vere
1267 1864 1467 1950 insequentis

198 1987 360 2058 aestatis”.

243 2108 324 2175 Ibid.
348 2108 442 2193 Vulg.
465 2106 571 2188 ἄνδρας
595 2107 790 2188 Σπαρτιατας
814 2110 843 2180 ἐς
867 2106 992 2189 Κδριιθιν
1014 2113 1107 2186 τρεῖς,
1132 2119 1154 2171 Β
1179 2107 1208 2179 ἒς
1223 2104 1349 2187 Κόρινθον
1363 2103 1467 2185 ἄνδρας

199 2226 394 2308 Σπαρτιάτας
426 2233 501 2305 τρεῖς
532 2246 590 2312 ne,
622 2232 659 2291 ut
685 2226 730 2291 ait
757 2225 885 2310 Poppo,
907 2233 982 2308 τρεῖς
1010 2247 1031 2292 a
1058 2246 1115 2293 suo
1142 2223 1342 2292 substantivo
1372 2221 1466 2289 divel-

197 2347 295 2414 latur.
344 2344 455 2411 Valla:
503 2343 677 2423 „miserunt
717 2342 904 2411 Corinthum
945 2343 1190 2412 Lacedaemonii
1226 2343 1310 2409 viros
1347 2341 1467 2427 Sparti-

200 2470 273 2533 atae
295 2461 392 2532 tres''.

244 2583 327 2650 Ibid.
351 2581 443 2667 Vulg.
484 2586 539 2646 τῶι
570 2580 824 2663 ξαρρμαχικῶι,
856 2585 957 2646 Βτῶι
987 2579 1237 2662 ξυμμαχίδαι.
1257 2574 1368 2647 'Valla
1391 2577 1470 2645 nihil

201 2703 305 2770 docet.
341 2700 485 2768 Stahlius
510 2700 606 2767 verba
629 2700 826 2785 proscripsit.

248 2939 354 3023 Caput
378 2940 398 3002 8
421 2936 445 3028 ξ
471 2939 502 3005 2.
525 2935 617 3023 Vulg.
652 2938 888 3024 aspernatorem,
912 2952 934 3004 Β
958 2937 1184 3020 παρεσκεύαζεν.

247 3058 331 3125 Ibid.
356 3057 449 3141 Vulg.
474 3057 513 3121 τὸ
537 3063 716 3142 τελευταῖοι,
740 3069 762 3121 Β
786 3065 964 3123 τελευταῖοι.
999 3056 1095 3123 Valla
1119 3053 1334 3143 „postremo”.
1372 3053 1472 3120 Paulo
1512 3075 1515 3082 ·

203 3179 290 3244 infra
313 3176 409 3243 Valla
432 3175 538 3243 omisit
559 3176 737 3258 ἀφικέσθαι,
763 3197 847 3261 quae
871 3177 932 3244 luit
956 3198 1054 3244 eausa
1076 3181 1274 3262 quapropter
1288 3175 1472 3260 Kruegerus

205 3295 396 3366 vocabulum
419 3296 544 3362 uncinis
565 3296 741 3363 incluserit.

251 3414 323 3506 ξδ.
348 3413 441 3499 Vulg.
465 3414 520 3487 τρὶς
544 3416 714 3492 ἡμίσεας,
739 3415 833 3486 Buris
857 3415 1024 3492 ἡμισείας
1044 3419 1140 3481 recte.
1174 3412 1269 3479 Valla
1284 3410 1364 3477 nihil
1379 3411 1475 3479 docet

208 3553 313 3617 neque
348 3533 387 3597 de
420 3532 624 3615 sequentibus
655 3535 773 3609 ριῖιλλιι
807 3533 854 3599 utu
886 3539 949 3599 νοῦν
980 3532 1102 3615 ἔχωσιν,
1135 3551 1217 3616 quae
1240 3530 1274 3597 in
1296 3529 1323 3593 B
1346 3529 1476 3598 inverso

211 3652 321 3720 ordine
344 3649 517 3717 traduntur
539 3650 588 3714 τδι
612 3655 673 3716 νοῦν
696 3653 813 3727 μᾶλλον
835 3649 948 3731 ἔχωσιν.

256 3772 336 3838 Ibid.
367 3770 457 3855 Vulg.
488 3769 697 3852 διαφερομένας
728 3783 750 3835 Β
780 3769 1037 3852 ἕτιδιαφεριμέιας
1055 3771 1082 3854 1)
1113 3768 1333 3856 praestantius
1356 3767 1479 3838 dictum

212 3895 279 3958 est:
309 3887 404 3956 Valla
425 3889 460 3954 in
482 3886 601 3955 talibus
624 3887 812 3973 plerumque
835 3909 899 3955 non
922 3889 1089 3957 adeundus
1112 3898 1172 3957 est.

259 4127 364 4211 Caput
387 4125 407 4190 9
432 4121 456 4215 ξ
478 4125 509 4191 2.
539 4122 635 4200 Vulm
663 4123 813 4199 διατριβῆς
842 4125 1117 4207 ἐγγιγνομένης,
1141 4139 1163 4191 Β
1186 4126 1335 4206 διατριβῆς
1360 4148 1480 4205 ριριι·

213 4290 387 4302 ——u-—nu-

245 4394 323 4466 qa
