3098 4988
809 295 854 361 28

189 558 282 605 suum
321 537 355 603 in
390 537 590 605 commodum
625 558 693 603 rem
729 556 891 603 sessuram
922 538 1057 621 putasse
1088 540 1270 620 appareret
1315 528 1468 603 Vaticani

190 657 417 737 διαπολεμήσειν
439 677 533 725 nemo
556 658 603 724 vir
625 658 738 725 doctus
761 655 917 742 probavit.

232 772 311 865 §b
335 774 429 860 Vulg.
461 773 511 840 καί
535 777 567 840 οὐ
590 775 776 856 τρίβεσθαι
807 775 907 847 ἄλλως
930 773 1094 850 ’Λθνναίουρ
1117 799 1151 839 τε
1175 775 1237 843 ari.
1272 772 1464 856 Βτρίψεσ·

190 895 247 959 θαι.
285 890 397 959 Vallaz
435 889 523 972 „fore
556 891 640 959 enim
670 897 707 959 ut
730 897 787 959 aut
810 912 964 978 prospere
986 891 1161 978 pugnando
1184 891 1343 977 potiretur
1366 892 1463 978 Syra-

189 1012 291 1099 cusis,
324 1016 382 1078 aut
408 1009 496 1077 illino
529 1011 640 1098 eopias
672 1010 846 1079 abduceret
872 1011 979 1097 potius
1011 1031 1107 1096 quam
1138 1011 1299 1078 ineassum
1331 1016 1464 1079 vexaret

190 1153 301 1198 omnes
333 1137 367 1199 et
397 1131 453 1216 qui
485 1131 520 1196 in
550 1130 666 1198 militia
696 1136 729 1198 et
756 1129 812 1216 qui
835 1129 920 1196 domi
944 1135 1037 1196 erant
1060 1128 1299 1220 Athenienses.”
1346 1130 1462 1199 Merito

191 1250 288 1317 Valla
319 1271 391 1317 oum
421 1263 444 1316 Β
474 1250 625 1331 τρίψεσθαι
649 1249 791 1328 exhibet,
823 1255 860 1316 ut
885 1249 982 1315 etiam
1005 1269 1076 1315 aum
1100 1247 1255 1316 Vaticano
1278 1249 1346 1317 solo
1370 1250 1463 1317 addit

194 1368 405 1455 particulam,
437 1388 502 1452 qua
531 1388 596 1436 non
625 1366 763 1435 libenter
795 1377 956 1446 caremus,
979 1367 1056 1451 quia
1079 1366 1167 1435 urbis
1191 1367 1390 1436 Athenarum
1413 1368 1461 1435 in-

189 1488 268 1555 eolis
291 1491 497 1574 opponuntur
520 1485 751 1573 Athenienses,
775 1485 832 1572 qui
855 1487 889 1552 in
911 1484 1021 1552 Sicilia
1043 1484 1235 1553 militabant

235 1723 341 1809 Caput
371 1724 415 1790 43
446 1727 466 1806 ξ
491 1725 520 1790 1.
550 1723 644 1809 Vulg‚
674 1723 735 1790 οὐδὲ
766 1726 826 1805 γαρ
856 1723 930 1790 καθ’
961 1724 1062 1804 ἕτερα
1092 1724 1117 1789 οἱ
1150 1722 1319 1803 Συρανθσιοι
1351 1726 1459 1790 θντεπ·

189 1842 313 1925 εεριιι,
350 1854 372 1909 n
406 1840 481 1908 κει
523 1842 686 1920 exserta.
733 1842 829 1910 vura
869 1821 980 1928 lpum
1013 1840 1088 1909 ueri
1122 1841 1313 1908 auctoritate
1350 1847 1461 1927 spreta

186 1962 259 2048 jure
293 1960 442 2047 vulgatae
476 1961 649 2028 consentit:
689 1961 860 2043 „adversus
894 1966 1026 2029 neutros
1060 1960 1145 2027 enim
1181 1959 1329 2046 prodiere
1364 1960 1460 2048 Syra-

193 2079 332 2149 cusani’.

234 2199 317 2265 Ibid.
341 2198 434 2284 Vulg.
465 2198 550 2265 οίλλθο
576 2199 681 2270 πείσας
705 2197 754 2263 τθν
776 2222 810 2262 τε
832 2197 938 2264 Νικίαν
961 2196 1010 2262 καί
1034 2197 1100 2270 τοὺς
1124 2195 1233 2271 ἄλλους
1256 2196 1479 2280 ξυνοίρχονταρ

190 2318 299 2384 ἕπενθει
330 2318 379 2383 καί
411 2318 463 2392 τὴν
494 2317 671 2400 ἐπιχείρησιν
700 2321 757 2382 τῶν
781 2315 948 2382 Ἐπιπολῶν
971 2318 1108 2395 ε’ποιεῖτο,
1138 2319 1222 2389 Boia
1244 2316 1363 2384 ε’πενθει.
1392 2317 1459 2384 Va-

190 2436 290 2503 ticani
319 2436 415 2504 lectio
446 2441 612 2521 praestare
642 2434 785 2519 videtur3
815 2433 857 2501 ol.
890 2433 998 2502 Olass..
1043 2433 1137 2503 Valla
1160 2434 1237 2520 quid
1259 2436 1372 2523 legerit
1394 2458 1460 2505 non

192 2554 289 2642 plane
311 2559 460 2641 apparet.

234 2672 259 2765 ξ
288 2675 318 2741 2.
355 2673 448 2759 Vulg.
479 2671 528 2738 καί
564 2672 673 2752 ἡμέροις
703 2673 758 2751 μὲν
788 2672 965 2738 θίθνατον
994 2671 1083 2737 ἕδθκει
1115 2669 1188 2737 εἶναι
1217 2674 1335 2760 λαθεῖν,
1367 2674 1395 2739 Β
1429 2679 1462 2740 et

191 2792 336 2861 nonnulli
359 2792 415 2859 alii
437 2791 511 2858 libri
539 2791 709 2858 ἀδύνατα.
746 2791 793 2858 Ut
813 2789 925 2876 Poppo
949 2790 1191 2878 animadvertit,
1217 2790 1312 2859 Valla
1333 2793 1459 2860 monna

191 2911 331 2980 tortasse
366 2911 472 2980 omisit
507 2911 634 2992 ἡμέροιε
673 2909 863 2993 „Caeterum
897 2931 962 2978 non
995 2931 1091 2997 posse
1124 2909 1196 2977 fieri
1226 2910 1395 2979 videbatur
1425 2917 1463 2979 ut

193 3079 223 3100 ..
238 3079 268 3101 ..
292 3031 418 3099 hostem
439 3029 610 3098 laterent'’.
645 3028 794 3097 ’λδθνοτα
817 3030 919 3116 magis
942 3051 982 3097 ex
1006 3029 1169 3116 scriptoris
1192 3050 1253 3097 usu
1277 3031 1463 3098 dictumest

194 3171 292 3236 quam
315 3150 467 3218 οὶθθνατον.

238 3269 320 3336 Ibid.
354 3268 446 3354 Vulg.
479 3269 641 3347 οίναλαβίιν
672 3270 725 3346 τὴν
756 3271 878 3334 πᾶσαν
901 3267 1061 3350 στρατιὰν,
1083 3269 1111 3334 Β
1134 3289 1281 3354 perverse
1305 3268 1464 3350 πρθτην,

194 3410 261 3474 qua
290 3390 330 3456 de
360 3389 450 3456 varia
479 3388 616 3457 lectione
647 3387 759 3473 Poppo
791 3387 854 3456 sio:
891 3385 1043 3470 ,,τριίσνν,
1075 3386 1162 3473 quod
1193 3388 1277 3455 male
1309 3409 1349 3455 ex
1376 3408 1423 3473 sq.
1447 3392 1464 3466 ἡ

194 3508 317 3591 προτέρα
340 3507 465 3590 στρατινί
490 3505 647 3574 duatum’'.
682 3504 777 3573 Valla
799 3511 903 3586 reete;
929 3507 1084 3592 „sumptis
1107 3506 1254 3574 omnibns
1277 3505 1407 3593 oopiis’'.

240 3627 320 3696 Ibid.
344 3626 437 3713 Vulg.
469 3628 574 3701 Νικίας
606 3625 631 3691 θ’
657 3628 686 3693 ἐν
711 3633 769 3700 τοῖς
793 3627 924 3708 τείχεσιν
953 3625 1211 3706 ὑπελέλειπτο,
1234 3639 1257 3692 Β
1280 3627 1464 3695 ὑπελείπετο.

195 3746 306 3832 Valla,
348 3746 403 3832 qui
440 3750 545 3814 vertat
582 3766 640 3839 per
678 3743 854 3812 ablativum
893 3743 1094 3812 absolutum:
1133 3744 1244 3827 „Nicia
1281 3746 1324 3812 ad
1357 3766 1465 3813 muros

195 3863 327 3935 relioto”
359 3886 418 3933 nos
445 3865 484 3933 de
509 3886 569 3933 sua
590 3864 728 3933 lectione
751 3864 903 3933 certiores
925 3885 990 3933 non
1013 3864 1100 3933 facit.
1147 3865 1219 3932 Etsi
1241 3863 1465 3951 imperfectum

195 3984 403 4071 praetuleris,
423 3989 533 4052 tamen
555 3982 654 4070 nihil,
678 3983 755 4068 quin
779 4004 938 4051 servemus
960 3983 1140 4070 vulgatam,
1163 3965 1308 4069 impedit.

240 4101 265 4193 ξ
295 4107 327 4171 3.
358 4102 450 4190 Vulg.
482 4099 554 4187 ᾗπερ
584 4103 633 4168 καί
668 4103 831 4185 ἧπροτίρα
855 4104 981 4184 στρατια
1003 4102 1036 4168 τί
1064 4107 1173 4183 πρῶτον
1195 4102 1308 4191 οίνέβν,
1330 4102 1358 4167 Β
1381 4101 1465 4168 idem

196 4220 302 4289 refert
337 4221 449 4304 Valla,
480 4227 517 4289 ut
549 4219 643 4288 donet
672 4220 802 4306 Poppo,
834 4220 941 4288 omisit
966 4221 1000 4287 τὸ
1024 4226 1143 4306 πρῶτον,
1167 4221 1253 4306 quod
1276 4219 1310 4288 dt
1331 4224 1467 4307 propter

197 4338 406 4425 tautologiam
438 4339 471 4406 (at
502 4343 634 4429 propter
665 4337 821 4406 absonum
850 4341 867 4415 θ
893 4339 1042 4421 προτέρα
1067 4340 1193 4419 στρατια
1218 4339 1251 4404 τί
1275 4345 1406 4421 πρῶτον
1428 4337 1466 4406 li·
