3098 4988
822 323 865 388 66

253 557 359 645 Caput
385 560 425 624 12
449 558 473 649 ἓ
502 563 529 626 l.
552 558 643 644 Vulg.
667 561 845 642 φθήσονται,
870 559 896 623 Β
921 559 1011 625 addit
1033 585 1076 627 τε.
1101 560 1197 627 Valla
1219 560 1350 628 liberius
1373 561 1478 627 vertit

252 677 333 744 Ibid.
368 677 460 763 Vulg.
491 676 587 754 λέγων
617 675 660 741 ὅτε
687 678 848 758 φθήσοντονί
877 702 910 740 τε
941 678 1124 750 πλεύσαντες
1152 677 1217 758 πρὶν
1240 681 1292 753 τὴν
1314 684 1370 744 τῶν
1395 683 1478 744 νεῶν

207 798 361 880 ξυμφορὰν
387 797 467 870 Χίους
491 797 629 882 attactu,
653 810 762 862 B....
787 799 851 877 πρὶν
874 799 891 873 ἢ
915 799 966 873 τὴν
989 805 1043 863 τῶν
1067 797 1258 874 Ἀθννοοίοον
1285 801 1358 867 κτὲ.
1384 800 1477 866 Unus

206 925 257 986 est
286 939 304 983 e
337 918 434 1003 locis,
466 919 500 984 in
530 916 646 1004 quibus
681 916 856 983 Vaticanus
888 916 1011 984 rettulit
1044 918 1198 985 lectiones
1225 918 1306 985 miro
1336 917 1476 985 modoa

206 1040 337 1125 vulgata
358 1040 545 1106 recedentes
568 1037 744 1121 eodemque
767 1043 911 1122 tempore
934 1037 1093 1122 pessimae
1115 1040 1265 1122 natael).
1311 1040 1476 1118 Quomodo

207 1159 292 1225 enim
315 1166 370 1225 τῶν
395 1159 550 1233 Ἀννννοίον
574 1155 724 1224 confundi
747 1157 887 1240 potuerit
910 1179 981 1222 cum
1005 1158 1070 1222 νέων
1085 1178 1178 1223 nemo
1193 1158 1351 1243 intelligit.
1380 1158 1477 1225 Valla

208 1284 316 1345 autem
346 1298 410 1346 non
444 1277 585 1344 reddidit
619 1282 674 1340 τῶν
707 1282 773 1341 νεῶν
808 1277 925 1343 nedum
958 1283 1014 1343 τῶν
1052 1279 1205 1353 Ἀθηναίων
1238 1279 1472 1363 interpretatus

207 1396 266 1463 sit:
301 1396 382 1463 haec
412 1395 509 1462 verba
539 1393 635 1479 igitur
665 1394 699 1460 in
729 1393 810 1460 libro
842 1395 910 1460 eius
941 1393 1093 1481 aberant,
1128 1395 1351 1484 sequiturque,
1374 1402 1412 1464 ut
1435 1398 1474 1463 de

207 1515 398 1582 emblemate
421 1514 594 1600 cogitemus
618 1514 661 1580 sit
684 1533 822 1580 necesse.
858 1513 1096 1580 Praemonitum
1120 1515 1172 1581 vix
1187 1520 1264 1600 puto
1280 1535 1474 1601 quemquam

207 1634 357 1701 dubitare
392 1635 431 1699 de
467 1633 578 1717 spuria
612 1639 730 1698 natura
760 1631 930 1698 verborum
960 1639 1016 1699 τῶν
1050 1629 1223 1711 Ἀθηναίων,
1262 1634 1341 1720 quin
1376 1636 1473 1702 etiam

206 1752 354 1836 vulgatae
385 1758 440 1816 τῶν
462 1758 528 1816 νεῶν
553 1751 594 1817 ad
618 1753 670 1826 utu
693 1749 846 1832 ξυμφορὰν
869 1750 1095 1834 explicandum
1119 1758 1195 1818 sunt
1217 1753 1336 1819 addita.
1381 1754 1474 1832 Quod

206 1873 235 1939 si
258 1873 444 1958 statuimus,
470 1872 629 1956 quomodo
653 1871 761 1936 variae
783 1868 937 1935 lectiones
960 1874 1070 1936 tantae
1094 1869 1287 1936 diversitatis
1304 1875 1394 1936 ortae
1411 1870 1476 1937 sint

206 2013 271 2057 non
301 1992 438 2076 amplius
469 1992 566 2072 latet3
595 1991 645 2057 bis
669 1992 753 2056 enim
776 1989 818 2054 ad
842 1991 894 2064 utu
917 1988 1071 2072 ξυμφορὰν
1093 1990 1326 2075 interpolatum
1350 1994 1417 2057 est:
1441 1991 1475 2056 in

206 2109 336 2194 vulgata
358 2110 482 2194 majore
506 2105 578 2176 cum
603 2110 709 2194 specie
732 2131 791 2195 per
812 2115 868 2175 τῶν
891 2115 971 2184 νεῶν,
995 2109 1153 2175 infelicius
1177 2115 1284 2176 autem
1307 2110 1340 2174 in
1364 2109 1391 2174 B
1415 2131 1475 2193 per

206 2234 261 2294 τῶν
306 2229 461 2304 Ἀθηναίων
505 2228 540 2318 (i.
575 2250 601 2297 e.
631 2229 755 2296 cladem
790 2228 831 2296 ab
866 2228 1074 2296 Athiensibus
1109 2229 1282 2314 Spartiatis
1317 2230 1474 2315 sociisque

206 2346 328 2414 illatam
345 2347 381 2432 2).

251 2464 333 2531 Ibid.
358 2464 449 2549 Vulg.
472 2466 522 2531 aul
545 2467 651 2550 σούτός,
674 2465 745 2533 δ’τονν
767 2465 923 2547 προσβάλῃ
938 2516 944 2531 .
959 2516 966 2532 .
982 2516 1011 2532 ..
1035 2466 1160 2543 τείσειν,
1182 2479 1204 2531 Β
1227 2466 1277 2531 aa}
1302 2467 1389 2540 αὐτὸς
1410 2465 1472 2546 ἶν’τν,

208 2584 241 2659 ἣν
271 2585 427 2668 προσβάλῃ
433 2634 528 2663 .....
562 2587 664 2651 τείσει.
711 2585 738 2650 Β
769 2589 855 2650 certe
886 2582 1117 2667 significantius
1142 2585 1222 2653 dixit
1243 2606 1302 2670 per
1324 2588 1474 2671 conjunc·

206 2702 324 2768 donem
356 2703 405 2778 ἣνε
437 2702 532 2768 modo
559 2701 683 2768 Ioniam
713 2702 810 2767 adeat
831 2710 868 2768 ut
891 2723 997 2768 rerum
1020 2702 1065 2768 ibi
1087 2704 1238 2788 potiatur.
1284 2704 1357 2770 Hac
1378 2706 1413 2771 in
1436 2727 1472 2772 re

206 2842 277 2886 cum
300 2819 327 2884 B
350 2820 429 2887 facit
453 2819 564 2885 Valla:
592 2825 701 2902 „etse
725 2821 759 2885 si
781 2819 906 2886 Ioniam
922 2820 1038 2903 adeat,
1062 2821 1157 2888 facile
1175 2822 1277 2890 socios
1293 2822 1469 2892 Athenien·

206 2940 287 3005 sium
311 2940 456 3006 civitates
480 2939 522 3006 ad
545 2939 757 3006 defectionem
779 2938 1017 3006 inducturum.”
1051 2939 1143 3017 Quod
1167 2947 1274 3008 autem
1298 2943 1413 3008 attinet
1429 2941 1472 3008 ad

207 3057 378 3136 ἔτι-τείσει,
412 3058 542 3125 dubium
573 3063 673 3125 restat
702 3080 810 3125 annon
840 3057 1097 3143 anteponendum
1129 3060 1171 3125 sit
1197 3059 1364 3146 vulgatae,
1387 3081 1472 3145 quae

206 3176 318 3243 saltem
343 3177 420 3243 ferri
442 3181 558 3262 potest.

250 3292 333 3359 Ibid.
357 3293 449 3378 Vulg.
473 3294 567 3370 κὲνον
590 3291 756 3368 acetosa,
781 3293 808 3358 Β
830 3294 955 3360 inverso
980 3294 1099 3360 ordine.

247 3412 329 3477 Ibid.
365 3411 459 3498 Vulg.
494 3413 659 3494 πιστότερον
689 3413 749 3493 γὰρ
770 3412 870 3477 ἄλλων
900 3414 1073 3495 manciadae,
1098 3425 1120 3477 B
1145 3413 1352 3494 πιστότερος
1376 3414 1468 3481 unice

202 3552 323 3598 verum.
361 3531 456 3598 Valla
480 3553 574 3612 „nam
598 3531 659 3597 sibi
681 3537 809 3617 praeter
832 3536 976 3598 caeteros
999 3530 1094 3598 fidem
1118 3532 1204 3617 apud
1227 3532 1301 3599 illos
1324 3531 1423 3599 fore.'’

215 3794 218 3799 ·
246 3768 351 3855 Caput
376 3771 427 3838 13.
458 3768 482 3859 ξ
508 3772 537 3836 1.
573 3771 665 3855 Vulg.
696 3767 915 3850 ἀνεκομίζοντο.
930 3817 937 3833 .
952 3817 982 3834 ..
1014 3770 1063 3834 aa)
1097 3771 1132 3833 οοὶ
1164 3770 1224 3834 οξτο
1256 3779 1308 3844 τῆς
1329 3769 1467 3844 Σοκελίονς

201 3889 433 3964 Πεοοτονννσίων
456 3889 610 3954 ἓκκκίδεκοι
635 3894 707 3961 νῆες.
738 3887 880 3965 Quarum
903 3886 1030 3953 navium
1053 3909 1219 3955 numerum
1243 3910 1315 3955 cum
1339 3911 1380 3957 ex
1405 3890 1465 3973 VI,

233 4186 261 4249 1)
278 4187 310 4236 cf.
328 4185 407 4237 Class.
426 4184 505 4249 praet.
521 4184 540 4234 1.
557 4181 628 4233 Vlll.
646 4197 703 4247 pag.
723 4180 795 4230 lllll.

231 4280 260 4344 Β)
283 4282 315 4331 cl.
338 4297 362 4331 c.
385 4280 416 4331 15
438 4279 547 4345 §luta
571 4277 639 4332 Χίον,
662 4277 705 4326 vbi
728 4277 817 4326 eodem
838 4276 900 4339 jure
923 4279 1122 4340 expectaremus
1149 4276 1189 4325 tra
1212 4276 1370 4340 ἀφέστηκεν,
1397 4282 1465 4345 quod

199 4377 334 4440 proposuit
352 4376 558 4438 Herwerdenus‚
579 4387 622 4423 me
636 4372 724 4436 judice
742 4377 832 4422 tamen
851 4374 892 4423 vix
910 4377 990 4424 recte.
