3098 4988
750 275 791 340 14

134 537 210 584 voce
232 516 384 603 Popp01)
408 518 471 584 sic:
498 516 581 596 „Vll
603 537 629 582 c.
654 517 706 581 26.
731 535 771 580 ex
794 514 866 581 Vat.
890 519 923 580 et
937 512 1001 580 Par
1016 514 1058 598 (l)
1081 512 1166 579 inter
1180 515 1230 578 καὶ
1249 524 1286 581 et
1307 521 1421 600 κησπαὲ

134 635 326 720 interposuit
348 632 435 714 άμα,
459 633 561 719 quod,
585 639 701 701 utnon
717 632 888 700 difficulter
905 632 1068 720 excidere,
1092 633 1139 700 ita
1154 638 1423 727 correctoribus,

135 755 191 841 qui
220 754 280 822 hos
309 753 409 822 libros
432 775 497 821 non
519 775 596 822 raro
619 753 875 840 interpolarunt,
904 754 1083 839 elegantiae
1108 758 1142 821 et
1163 755 1423 840 perspicuitatis

60 885 63 890 ’
134 894 234 941 causa
267 872 346 940 addi
379 879 473 959 poter
493 871 536 940 ἐξ
582 872 730 950 Accedit,
761 872 848 958 quod
880 873 1079 959 praecedens
1109 897 1143 938 σε
1174 872 1278 942 talem
1308 878 1423 948 reddit

138 991 403 1079 significationem
426 991 660 1079 conjunctionis
682 991 750 1069 ιιιά,
774 995 811 1056 ut
832 990 900 1069 άαα
923 992 1020 1077 plane
1043 998 1244 1078 superracet

179 1110 204 1202 ξ
227 1113 257 1178 3.
280 1110 372 1197 Vulg.
395 1110 551 1176 ἐπέπλει
575 1109 622 1174 ἐπὶ
648 1117 700 1183 τῆς
723 1112 877 1198 Κορκύρας,
901 1123 924 1177 Β
948 1113 1200 1192 ἐπιπαρέπλει
1216 1114 1257 1200 ⁹).
1291 1115 1424 1206 Legen-

138 1232 214 1298 dum
237 1235 287 1298 est
310 1229 466 1311 rapinae.
503 1228 616 1295 Valla:
652 1228 800 1315 „trajecit
821 1229 856 1294 in
879 1227 1084 1316 Corcyram”.

181 1348 264 1415 Ibid.
287 1348 381 1433 Vulg.
404 1349 418 1413 ὅ
440 1347 469 1411 δέ
493 1355 639 1427 Χαρικλῆς
662 1349 847 1429 περιμείνας,
871 1350 914 1421 ύς
939 1350 973 1416 πὸ
995 1348 1099 1430 χοιρίον
1114 1347 1295 1431 ἐξετείχισε,
1316 1366 1341 1420 Β
1359 1357 1424 1430 ἐοις

136 1469 231 1535 unice
252 1488 377 1546 verum;
401 1466 448 1533 sic
470 1465 566 1532 Valla
589 1487 735 1552 qnoque:
767 1473 823 1549 „at
845 1467 1028 1548 Charicles,
1051 1469 1275 1553 usquedum
1298 1495 1420 1543 murus

137 1589 208 1656 loco
232 1586 495 1671 circumdaretur,
519 1583 731 1671 permansit.”

183 1829 288 1916 Caput
311 1829 352 1893 27
376 1825 401 1918 ξ
429 1831 457 1893 l.
480 1826 572 1913 Vulg.
597 1831 652 1892 τῶν
676 1831 805 1908 Θρᾳκῶν,
830 1836 852 1890 Β
877 1825 995 1892 omittit
1018 1823 1198 1892 articulum.

182 1947 263 2015 Ibid.
293 1946 385 2033 Vulg.
418 1945 447 2011 ἐν
478 1948 518 2027 τῷ
550 1948 629 2029 αύτῷ
660 1946 728 2026 ύέρει
754 1945 857 2026 τούτῳ.
893 1942 965 2011 Vat
989 1950 1039 2010 ποῦ
1069 1945 1159 2010 αὐτοῦ
1183 1944 1276 2026 ύέρονς
1301 1951 1423 2023 τούτου.

139 2069 285 2153 Utraque
307 2066 403 2133 lectio
426 2066 575 2151 quadrat.
611 2064 720 2132 Valla:
748 2064 839 2146 „Hac
862 2065 975 2131 eadem
999 2061 1155 2130 aestate''.

182 2187 208 2279 ξ
238 2189 269 2257 2.
301 2187 394 2273 Vulg.
428 2190 565 2270 δραχμὴν
600 2189 659 2271 ’γάρ
690 2197 744 2264 πῆς
775 2188 884 2269 ἡμέρας
919 2184 1075 2260 ἕκαστος
1112 2188 1349 2270 ἐλάμβανεν,
1388 2206 1421 2263 Β.

140 2308 301 2387 ἑκάστης
325 2309 507 2387 ἐλάμβανον.
531 2308 641 2375 Valla:
669 2328 827 2394 „namque
844 2308 957 2375 horum
975 2308 1092 2392 singuli
1108 2307 1251 2392 quotidie
1268 2309 1420 2398 singulas

140 2428 309 2495 drachmas
333 2426 564 2514 accipiebant”.
598 2428 823 2495 Necessarium
846 2426 914 2494 fere
938 2447 1104 2494 numerum
1127 2426 1288 2512 pluralem
1314 2431 1421 2510 ἐκάμ-

139 2547 229 2624 βανον
250 2546 387 2621 libenter
409 2548 600 2633 recipiemus
607 2574 617 2626 ;
641 2548 726 2631 quod
751 2552 859 2613 autem
883 2545 926 2612 ad
949 2545 1072 2611 variam
1095 2545 1266 2612 lectionem
1289 2549 1422 2629 ἑκάστης

141 2665 272 2746 attinet,
295 2665 357 2732 hac
378 2667 412 2732 in
435 2687 470 2732 re
494 2687 515 2732 a
536 2665 694 2732 Vaticano
718 2663 869 2731 recedere
895 2663 1004 2730 malim
1028 2684 1100 2729 cum
1114 2663 1291 2748 Popponez
1321 2668 1423 2748 „Vat

142 2784 225 2849 male
254 2783 380 2861 ἑκάστης
412 2784 521 2866 ἡμέρας
553 2783 744 2868 ἐλάμβανον,
775 2788 931 2868 tanquam
965 2781 1071 2848 cuncti
1101 2802 1198 2849 unam
1221 2782 1422 2857 drachmam

142 2899 370 2987 accepissent'’.
416 2902 513 2969 Valla
534 2901 622 2968 haud
646 2900 742 2968 dubie
765 2900 866 2968 refert
888 2898 1022 2973 ἕκαστος.

187 3018 212 3112 ξ
235 3023 264 3088 3.
288 3021 383 3108 Vulg.
408 3022 522 3105 ύσπερον
544 3023 574 3087 δὲ
596 3029 732 3105 Φρονραῑς
757 3023 823 3088 ὑπὸ
846 3026 902 3086 τῶν
926 3021 1037 3086 πόλεων
1057 3021 1139 3086 κατά
1159 3020 1297 3102 διαδοχὴν
1315 3027 1426 3108 χρόνου

144 3141 335 3215 ἐπιούσαις
358 3153 395 3227 πῇ
418 3145 502 3228 χύρρι
526 3146 673 3226 ἐπῳκεῖτο,
699 3154 721 3208 Β
744 3143 817 3209 άπύ
839 3148 873 3208 et
895 3145 1082 3209 ἐπιουσῶν.
1108 3140 1244 3209 Omnino
1268 3143 1427 3223 ἐπιούσαις

144 3266 291 3345 praestat
313 3263 452 3345 genitivo
476 3261 642 3347 Vaticani,
664 3260 698 3326 in
722 3281 785 3345 quo
809 3265 918 3327 tamen
938 3260 1113 3345 simplicius
1130 3265 1162 3326 et
1178 3260 1284 3327 verius
1301 3261 1428 3352 legitur

144 3379 221 3459 άπύ,
244 3379 330 3463 quod
354 3380 514 3466 pendete
537 3379 708 3465 participio
732 3379 889 3453 ἐπιούσαις.
926 3380 1023 3446 Valla
1047 3378 1296 3448 subobscurius:
1325 3408 1430 3466 „nam

146 3502 259 3583 postea
282 3502 369 3563 certo
392 3504 574 3583 temporum
596 3497 703 3583 spatio
722 3498 894 3583 praesidiis
915 3498 1077 3565 civitatum
1095 3498 1229 3565 invicem
1246 3507 1431 3576 succeden-

147 3613 234 3681 tibus
257 3614 384 3681 insessa
407 3613 487 3682 est”.

192 3731 217 3824 ξ
239 3733 271 3800 4.
295 3732 389 3818 Vulg.
413 3743 466 3810 τῆς
489 3731 551 3808 ἴσης
574 3740 700 3817 Φρουροῖς
716 3733 914 3810 καπαύεούσης
929 3760 963 3801 πε
979 3734 1031 3808 πῖον
1046 3734 1147 3817 χώραν
1162 3734 1211 3801 καὶ
1225 3785 1232 3801 .
1245 3785 1252 3802 .
1266 3784 1274 3802 .
1289 3790 1297 3820 ,
1313 3752 1336 3806 Β
1356 3795 1431 3815 ..,.

149 3855 199 3919 καὶ
223 3855 414 3929 κατεάεούσης
438 3880 471 3920 σε
495 3904 589 3936 ....,
620 3854 653 3920 in
676 3854 792 3938 quibus
816 3873 966 3938 perverse
989 3855 1120 3921 additur
1141 3858 1209 3935 καί,
1239 3859 1329 3941 quod
1351 3885 1431 3935 sen.

148 3972 269 4040 tentiae
291 3979 437 4040 tenorem
460 3972 629 4059 perturbat
651 3992 756 4057 neque
780 3972 867 4059 apud
890 3972 1015 4040 Vallem
1038 3974 1207 4040 invenitur.

149 4153 394 4166 m·-

184 4259 212 4324 l)
230 4261 262 4310 de
280 4259 343 4312 Arte
361 4259 454 4313 critice
470 4259 567 4325 Puppe.
584 4273 645 4325 pars
663 4259 698 4311 11.
716 4258 764 4311 vol.
783 4258 795 4309 1
812 4273 871 4325 pag.
889 4257 949 4312 1³3.

183 4353 211 4422 ά)
228 4357 297 4408 conf.
314 4357 394 4427 praei.
412 4370 470 4429 pag.
489 4355 560 4411 vnl.
