3098 4988
820 288 863 350 80

250 522 331 589 Ibid.
355 523 382 588 B
405 523 507 602 χορίον
631 524 663 586 ἐκ
697 531 749 594 τῆς
784 530 840 598 γῆς
876 521 1019 599 κοορτερὸν.
1063 521 1190 605 Reliqui
1225 542 1288 587 non
1322 519 1478 587 exhibent

206 641 385 708 articulum.
432 640 541 733 Valla:
569 662 608 721 „a
630 646 717 706 terra
741 638 926 707 munitum'’.

251 766 271 842 ξ
294 761 325 827 4.
349 759 440 844 Vulg.
465 761 630 825 ἐπιστέλλει
754 761 767 825 ὅ
793 760 957 841 Πεδάροτοο.
993 761 1031 825 In
1053 760 1080 825 B
1105 758 1199 826 abest
1222 760 1244 824 i.

252 884 271 962 ξ
296 880 325 944 5.
351 880 445 964 Vulg.
469 880 531 944 ἐπεὶ
557 880 586 942 δὲ
609 881 652 956 μὴ
675 880 884 960 οὶντοονοὲχονεν,
909 882 1127 960 ἀναχωροῦντες
1148 877 1239 942 aazia
1254 879 1283 950 ἒς
1298 880 1353 953 τὴν
1369 878 1478 954 Σοὶμον

208 998 363 1080 ἡσύχαζον.
397 999 452 1065 Bis
485 1021 505 1066 a
535 999 665 1084 vulgata
694 1000 816 1066 recedit
840 999 885 1080 Β,
917 1022 976 1084 pro
1011 1000 1073 1064 ἐπεὶ
1098 998 1240 1064 referens
1263 998 1477 1083 temporalem

208 1119 462 1203 conjunctionem
496 1118 593 1192 ἐπειδὴ
629 1139 649 1182 a
685 1124 794 1184 nostro
832 1117 909 1184 alibi
944 1138 1102 1202 nusquam
1133 1116 1201 1182 iere
1232 1138 1303 1181 cum
1335 1115 1478 1200 optativo

208 1244 394 1322 usurpatam
418 1242 452 1304 et
473 1258 532 1323 pro
555 1239 774 1318 ἀναχωροῦντες
798 1237 941 1304 scribens
965 1239 1185 1317 ἀποχωροῦντες
1212 1256 1306 1301 sensu
1332 1255 1478 1301 vacuum.

208 1356 302 1422 Valla
325 1360 429 1422 recte:
461 1377 579 1441 „quum
603 1357 711 1423 hostes
734 1377 872 1441 pugnam
897 1355 1133 1433 detrectarent,
1157 1376 1268 1421 rursus
1291 1353 1325 1418 in
1349 1352 1481 1419 Samum

208 1473 361 1540 reductae
383 1472 565 1556 quievere'’.

255 1709 360 1795 Caput
392 1710 434 1775 39
464 1707 488 1799 ξ
514 1713 542 1776 1.
577 1710 667 1797 Vulg.
699 1710 799 1793 ἄρχων
832 1712 934 1777 ἔπλεν
967 1714 1062 1776 οὐσῶν
1090 1711 1287 1786 'destrictam
1311 1709 1338 1774 B
1363 1707 1482 1774 rectius

210 1831 368 1896 ἐπέπλει.
405 1830 499 1896 Valla
522 1831 669 1897 liberius:
697 1831 798 1911 „duce
822 1829 1040 1897 Antisthene.’'

255 1946 279 2038 ἓ
302 1951 331 2014 2.
355 1949 446 2032 Vulg.
470 1948 560 2030 εἴρητο
584 1952 682 2020 αὐτοῖς
797 1949 961 2031 Ἀστύοχον
1071 1949 1175 2014 radam
1190 1957 1241 2022 τῆς
1259 1947 1481 2027 νοονοορχίοις,

211 2089 286 2134 vera
315 2068 426 2144 lectio,
458 2088 540 2152 quae
574 2069 672 2135 etiam
699 2068 787 2155 apud
810 2067 934 2134 Vallam
958 2067 1135 2134 invenitur:
1163 2067 1259 2146 „dato
1283 2066 1329 2131 eis
1353 2065 1482 2149 negotio

212 2196 248 2252 ut
362 2186 558 2272 Astyochum
583 2192 768 2253 amoverent
790 2208 807 2252 e
831 2186 1034 2252 nauarchia.”
1070 2185 1254 2252 TertiumB
1277 2186 1357 2250 miro
1375 2205 1483 2250 errore

210 2305 331 2371 insulse
354 2305 527 2385 νοονμοοχῖοος
554 2306 677 2372 rettulit
701 2307 754 2386 (cf.
780 2308 840 2390 20,
869 2309 897 2374 l.
923 2307 986 2390 33,
1015 2309 1055 2390 1).

258 2430 278 2509 ξ
303 2426 332 2491 3.
367 2425 457 2511 Vulg.
481 2427 511 2489 οοὶ
537 2434 600 2501 νῆες
724 2429 819 2505 Μήλῳ
842 2427 1076 2506 προσέβαλον.
1116 2421 1150 2488 Si
1173 2445 1280 2489 verum
1305 2427 1373 2500 est,
1398 2422 1483 2507 quod

215 2551 323 2610 tamen
347 2543 488 2610 dubitari
510 2545 600 2630 licet,
624 2545 952 2612 Lacedaemoniorum
976 2563 1071 2609 naves
1095 2562 1206 2607 revera
1227 2561 1291 2606 non
1308 2540 1350 2605 ad
1366 2540 1484 2606 Melum

215 2663 396 2748 appulisse,
434 2685 505 2729 cum
538 2663 690 2730 Classeno
724 2663 924 2747 probandum
956 2667 1006 2727 est
1038 2661 1187 2726 Vaticani
1223 2662 1485 2740 mauritianam.

217 2782 278 2847 Vix
301 2780 371 2847 fieri
395 2786 518 2865 potest,
541 2788 577 2846 ut
601 2780 678 2864 quid
703 2780 876 2846 doceamur
899 2779 1048 2846 aValla:
1076 2779 1137 2858 „ad
1161 2778 1278 2843 Melum
1299 2777 1485 2862 appulsae.”

260 2899 340 2964 Ibid,
366 2899 455 2984 Vulg.
483 2900 538 2970 τὰς
564 2907 637 2978 τρεῖς
664 2899 849 2975 λοοροβοὶνονσο
877 2898 990 2970 arada.
1038 2897 1089 2963 Sic
1112 2918 1239 2982 quoque
1264 2895 1374 2962 Valla:
1403 2903 1487 2976 „tres

216 3025 332 3102 captae
357 3023 432 3083 sunt
453 3020 565 3084 inanes
574 3017 601 3096 ,''
626 3040 729 3102 neque
753 3019 818 3084 ullo
842 3019 936 3082 modo
958 3038 1030 3082 cum
1053 3015 1307 3081 Bomittendum
1324 3019 1374 3080 est
1389 3014 1487 3086 κενάς.

261 3134 340 3200 Ibid.
357 3134 451 3219 Vulg.
472 3136 592 3207 δεδιότες
616 3138 659 3212 μὴ
683 3137 717 3199 at
742 3137 940 3217 διαφυγοῦσαν
1066 3142 1128 3206 νῆες
1155 3183 1231 3197 ....
1256 3131 1403 3207 μηνύσωσν
1429 3139 1486 3202 τοῖς

218 3259 248 3321 ἐν
278 3265 314 3335 τῇ
347 3257 436 3335 νήσῳ
467 3256 514 3321 τὸν
538 3258 678 3322 ἐπίπλοον
703 3262 805 3322 οὔτῶν.
852 3255 878 3320 Β
902 3255 1050 3321 omittens
1074 3255 1105 3317 οοὶ
1130 3253 1308 3317 audiendus
1331 3272 1398 3317 non
1422 3257 1488 3335 est;

219 3374 304 3459 quod
329 3378 435 3438 autem
459 3395 518 3457 pro
542 3377 625 3459 νήσῳ,
659 3376 787 3461 proprie
811 3375 844 3439 in
868 3373 1010 3457 margine
1034 3372 1183 3455 adpicta,
1211 3376 1341 3453 postea,
1366 3374 1490 3435 remota

219 3513 295 3558 vera
326 3491 479 3572 lectione,
510 3492 543 3556 in
576 3498 697 3559 textum
729 3499 878 3576 recepto,
910 3489 1044 3575 praebet
1071 3488 1175 3575 Σοέμῳ,
1199 3488 1260 3554 hac
1282 3489 1316 3552 in
1339 3509 1374 3554 re
1397 3510 1490 3574 prae·

221 3611 373 3677 stantiam
409 3613 630 3696 cognoscimus
665 3612 738 3678 libri
772 3613 817 3691 B,
853 3612 942 3677 cuius
974 3611 1079 3692 imago
1103 3612 1209 3674 exstat
1232 3608 1319 3691 apud
1343 3608 1489 3674 Vallam:

224 3749 317 3809 „mox
348 3728 419 3805 isti,
453 3730 544 3796 veriti
576 3753 614 3797 ne
645 3731 805 3814 reliquae,
836 3751 920 3815 quae
950 3726 1165 3810 aufugissent,
1196 3725 1368 3792 adventum
1393 3746 1486 3791 suum

222 3853 334 3914 notum
357 3846 500 3913 iacerent
523 3848 772 3915 Atheniensibus
798 3849 885 3915 Sami
908 3846 1077 3913 stationem
1102 3841 1321 3909 habentibus.''
1362 3843 1492 3909 Inversa

223 3966 347 4033 ratione
379 3965 493 4049 capitis
524 3964 587 4033 fine
619 3989 677 4051 pro
708 3968 831 4048 Μιλήτῳ
861 3967 888 4032 Β
919 3965 1040 4029 minore
1065 3982 1137 4025 oum
1161 3961 1267 4043 specie
1291 3960 1371 4044 legit
1399 3962 1491 4041 νήσῳς

225 4089 258 4151 et
282 4083 333 4150 hic
356 4082 450 4149 Valla
473 4089 560 4150 recte
586 4085 649 4166 „ad
674 4084 835 4153 Miletum”
851 4084 889 4168 1).

235 4264 479 4274 ——a—--

260 4366 288 4431 1)
305 4366 338 4416 ci.
356 4340 474 4416 Stahlius
491 4366 520 4415 iu
538 4364 652 4415 editione
669 4363 775 4428 majore.
