3098 4988
695 266 736 330 79

77 520 135 565 nse
159 500 254 565 stiam
279 499 407 566 adesset
429 519 543 578 necne,
568 501 594 566 si
617 501 651 566 in
674 501 745 585 ipso
770 501 898 568 loedere
921 502 1046 568 iciendo
1065 523 1195 569 munere
1211 502 1241 567 ei
1258 501 1346 567 nullo

79 622 150 684 erat
164 617 381 702 fungendum?
404 617 543 684 Causam
559 619 662 703 igitur,
676 641 734 686 eur
751 618 889 687 addatur
904 620 965 700 ἔτι,
980 641 1046 686 non
1059 620 1160 688 rideo.
1179 620 1348 687 Sollemnis

79 741 191 803 contra
224 741 273 803 est
307 758 384 803 usus
417 737 666 822 praepositionis
700 741 748 802 ἐπὶ
784 738 870 823 quod
906 736 1004 804 latine
1039 744 1088 805 est
1123 739 1279 819 „coram”,
1312 748 1348 804 ut

77 855 242 939 pactiones
272 854 375 922 factas
410 877 481 922 esse
513 857 672 923 discamus
704 877 813 923 coram
837 855 1040 941 Therimene,
1065 859 1120 940 qui
1145 857 1273 924 adesset
1296 879 1345 924 re·

78 970 203 1057 busque
233 972 559 1040 Lacedaemoniorum
583 974 770 1041 consuleret
817 972 997 1041 Verisimile
1023 976 1106 1042 enim
1129 982 1179 1041 est
1203 974 1348 1061 Spartia-

79 1098 147 1172 tas,
178 1090 294 1175 quibus
324 1092 413 1175 prior
443 1093 553 1176 pactio
585 1113 677 1159 suum
705 1095 739 1158 in
763 1092 964 1160 commodum
987 1093 1075 1160 facta
1098 1115 1163 1160 non
1185 1095 1348 1160 videretur

81 1230 166 1286 esse,
196 1209 263 1276 viro
295 1210 422 1277 cuidam
451 1209 639 1279 facultatem
672 1217 929 1297 potestatemque
963 1211 1177 1278 constituendi
1210 1210 1347 1278 foederis

80 1328 278 1396 conditiones
310 1329 446 1398 dedisse.
492 1330 609 1398 Nostro
641 1331 711 1397 loco
742 1353 807 1398 non
835 1331 875 1397 de
899 1337 1042 1414 tempore
1067 1331 1123 1396 sed
1147 1331 1187 1397 de
1209 1330 1348 1398 foederis

80 1446 211 1512 ineundi
240 1447 366 1514 ratione
397 1449 464 1532 agit
495 1450 639 1535 scriptor.
686 1450 858 1516 Classenus
893 1455 1041 1515 annotat:
1081 1449 1145 1528 „Er
1176 1471 1241 1515 war
1263 1449 1347 1514 noch

80 1565 267 1646 anwesend,
291 1566 358 1632 und
382 1567 432 1633 dis
456 1568 646 1653 Uebergabe
670 1569 726 1634 des
750 1568 970 1635 Kommandos
993 1567 1076 1635 noch
1092 1568 1181 1635 nicht
1198 1567 1346 1652 erlolgt’'.

79 1683 163 1750 Num
195 1686 268 1769 quis
292 1706 470 1752 sermonem
494 1707 564 1754 esse
587 1708 682 1772 posse
706 1688 746 1753 de
768 1688 904 1772 imperio
928 1687 993 1753 ullo
1017 1687 1218 1754 Therimenis
1242 1692 1347 1772 putet,

78 1824 198 1886 gnarus
221 1825 329 1871 eorum
354 1825 438 1889 quae
461 1806 522 1873 hac
545 1805 585 1872 de
607 1827 643 1871 re
665 1805 801 1872 tradidit
824 1804 1024 1890 Thucydides
1049 1826 1076 1872 e.
1098 1805 1140 1870 29
1158 1810 1177 1887 ξ
1195 1807 1231 1870 2:
1256 1805 1347 1886 ὄναρ

80 1921 238 1999 Θνρομὲννς
261 1925 292 1988 οὐ
316 1925 461 2005 ναύαρχος
486 1925 539 2009 ὤν,
563 1927 634 1990 ἀλλ’
650 1924 804 2004 ’Λσσύοχῳ
820 1923 996 2003 παραδοῦναι
1012 1924 1067 1995 τοὶς
1084 1930 1153 1994 ναῦς
1169 1923 1346 1999 Scantias?

79 2040 226 2125 Denique
250 2046 286 2106 nt
310 2041 349 2124 de
373 2044 572 2109 correctione
598 2045 630 2108 in
653 2044 680 2109 B
704 2044 856 2128 cogitem,
888 2041 967 2109 facit
990 2043 1079 2109 locus
1104 2064 1167 2127 quo
1192 2065 1225 2109 se
1249 2044 1347 2109 habet

79 2160 140 2244 ἔτι,
174 2162 259 2244 quod
284 2162 378 2246 juxta
401 2162 605 2247 participium
628 2165 766 2243 παρόντος
794 2167 1025 2247 exspectamus.
1064 2161 1173 2228 Valla:
1208 2162 1347 2242 „Thera-

78 2300 170 2345 mene
202 2280 376 2347 adhibito”.
423 2281 593 2367 Vulgatam
621 2283 690 2367 ipss
714 2289 823 2349 tuetur
847 2282 999 2366 scriptor,
1024 2282 1079 2364 qui
1102 2302 1128 2346 c.
1152 2283 1196 2347 43
1220 2288 1239 2364 5
1263 2283 1283 2347 3
1307 2282 1346 2348 de

78 2404 193 2464 nostra
216 2399 363 2483 pactione
387 2399 481 2467 dicit:
513 2403 569 2472 τοὶς
593 2402 718 2474 σπονδὰς
741 2401 796 2473 τοὶς
822 2400 991 2481 Θηραμένους
1015 2404 1047 2465 et
1070 2421 1096 2465 o.
1121 2401 1165 2464 52
1189 2406 1209 2482 ξ
1235 2403 1266 2466 l:
1291 2408 1346 2465 τῶν

78 2517 250 2595 Θνμμένους
277 2519 412 2587 σπονδῶν.

123 2756 230 2841 Caput
253 2757 294 2823 37
320 2763 340 2842 ξ
365 2761 395 2826 2.
429 2759 520 2844 Vulg.
555 2759 679 2845 Injuria
709 2759 736 2824 B
768 2757 885 2825 omittit
911 2756 1155 2832 Λακεδαιμονίους
1179 2756 1255 2831 μήτε
1279 2755 1343 2827 τοὺς

77 2873 257 2956 ξυμμάχους
282 2878 347 2950 τοὺς
370 2879 620 2955 Λακεδαιμονίων,
646 2878 736 2956 μηδὲ,
761 2897 843 2961 quas
867 2875 964 2942 verba
988 2875 1082 2940 Valla
1104 2874 1252 2938 reddidit.

121 2993 203 3059 Ihid.
237 2995 329 3079 Vulg.
361 3001 446 3062 recte
477 2997 549 3072 μηδὲ
580 2992 634 3080 ὦν;
667 2996 777 3062 Valla:
817 2995 882 3074 „Ne
913 2993 1050 3060 uicissim
1082 3012 1158 3076 rex,
1191 2993 1344 3075 aliquisne

78 3135 205 3193 eorum,
228 3114 345 3198 quibus
368 3135 424 3181 rex
447 3113 606 3199 praeest''.
641 3114 668 3179 Β
691 3116 768 3191 μήτε
791 3108 837 3177 ὧν.

121 3232 201 3298 Ibid.
233 3233 324 3318 Vulg.
355 3239 441 3300 recte
472 3232 559 3310 μηδὲ
590 3234 654 3304 τοὺς
686 3231 885 3315 ξυμμάχουςς
913 3228 1023 3297 Valla:
1051 3230 1221 3312 „adversus
1245 3230 1343 3296 Laee-
1429 3237 1431 3241 '

78 3350 263 3418 daemonius
290 3371 437 3417 eorumve
461 3349 592 3418 soeics'’.
627 3351 753 3428 Βμήσε
778 3352 854 3421 τοὺς.

121 3476 141 3554 ἓ
166 3472 196 3536 3.
221 3471 248 3536 Β
272 3470 363 3537 addit
386 3471 556 3536 articulum
579 3471 603 3535 οἱ
627 3467 863 3547 Λακεδαιμόνιον,
888 3472 1016 3550 praeter
1039 3467 1273 3533 necessitatem.

120 3711 226 3797 Caput
261 3711 303 3776 38
337 3708 361 3800 ἓ
394 3711 423 3778 1.
461 3709 552 3794 Vulg.
588 3708 678 3774 Merui
713 3709 741 3773 a
776 3707 901 3778 ταύτας.
936 3708 963 3773 Β
997 3707 1115 3791 injuria
1149 3707 1339 3790 particulam

79 3829 204 3896 omittit.

121 3953 141 4031 ξ
176 3949 206 4014 2.
243 3947 336 4032 Vulg.
371 3946 582 4024 διαβεβηκότες
618 3949 669 4020 τὴν
702 3946 768 4011 Χίον
909 3944 958 4009 καὶ
994 3951 1164 4025 κρατοῦντες
1198 3951 1254 4019 γῆς
1288 3942 1338 4005 καὶ

78 4070 236 4144 θαλάσσης.
271 4067 298 4132 Β
329 4072 404 4152 post
437 4065 647 4143 διαβεβηκότες
682 4063 781 4131 habet
814 4066 843 4136 ἐς
874 4070 906 4131 et
937 4071 1012 4129 ante
1041 4073 1097 4140 νῆς
1128 4061 1241 4128 inserit
1268 4061 1337 4138 nal,

79 4208 159 4271 quae
189 4187 284 4254 lectio
307 4191 474 4271 praestare
496 4186 637 4265 videtur,
671 4184 846 4268 Vallaeque
869 4184 1042 4268 respondet
1064 4181 1336 4265 interpretationi:

82 4307 162 4392 ,jam
187 4304 300 4371 Chium
324 4303 468 4390 appulsi,
491 4312 642 4387 terraque
666 4324 704 4370 ao
727 4303 807 4368 mari
830 4301 957 4386 potiti'.
