3098 4988
669 318 713 398 3'9

47 571 152 640 Πύλου
176 572 242 638 τότε
265 573 315 637 ὑπ’
337 572 493 646 Ἀθηναίων
517 569 657 652 ἐχομένης
682 571 711 643 ἐς
734 571 783 635 τὸν
805 570 934 647 πόλεμον
957 568 1201 655 παρελήφθησαν,
1217 572 1239 636 e
1253 620 1260 635 .
1274 606 1324 636 ..ι

49 695 89 758 ἕκ
111 690 344 758 Ναυπάκτου.
367 689 460 757 Valla
483 690 646 776 vulgatam
669 710 823 774 sequens:
853 688 981 773 ,Etiam
1004 690 1059 774 qui
1074 710 1159 756 nune
1176 690 1326 756 Messenii

54 811 256 895 ,vocitantur
286 809 374 895 apud
405 808 628 894 Naupactum,
660 814 693 875 et
723 829 762 876 ex
785 807 882 894 Pylo,
905 808 962 892 qui
984 813 1061 874 tnnc
1085 808 1126 876 ab
1150 807 1324 875 Athenien-

54 931 166 1012 „sibus
189 929 378 1007 tenebatur,
402 928 444 995 ad
467 929 529 995 hoc
551 928 668 995 bellum
693 927 850 1012 assumpti
875 928 981 994 sunt'’.

98 1046 186 1114 Satis
216 1047 369 1114 intricata
403 1052 453 1113 est
483 1046 647 1131 quaestio:
680 1051 811 1132 propter
841 1046 1012 1125 καλούμενοι
1044 1041 1266 1132 exspectamus
1297 1049 1326 1113 ἐν

52 1165 245 1247 Ναυπάκτῳ,
280 1171 388 1232 tamen
419 1173 455 1232 ut
478 1164 655 1233 scribamus
678 1167 711 1231 ἐκ
733 1165 918 1231 Ναυπάκτου
944 1166 1061 1232 suadet
1083 1167 1324 1249 παρελήφθησαν.

53 1286 114 1353 Cui
145 1283 329 1352 difficultati
359 1284 480 1351 mederi
504 1291 639 1352 conatus
662 1289 711 1351 est
733 1284 907 1352 Classenus
931 1284 1074 1351 scribens
1097 1285 1127 1350 ἐν
1151 1284 1326 1366 Ναυπάκτῳ

54 1407 86 1470 ἐκ
107 1405 312 1484 Ναυπάκτου,
343 1403 430 1489 quod
457 1405 543 1490 jam,
576 1402 734 1470 absonum
765 1425 836 1471 cum
860 1405 917 1482 sit,
952 1404 1101 1489 amplecti
1124 1425 1190 1473 non
1212 1425 1325 1489 possu-

55 1544 136 1590 mus.
169 1522 274 1608 Magis
296 1522 375 1589 mihi
398 1522 526 1608 quidem
549 1523 671 1589 arridet
694 1522 825 1607 vulgata
846 1522 979 1607 paulum
1002 1522 1189 1590 immutata:
1219 1524 1278 1589 Καὶ
1301 1524 1325 1589 ά

55 1642 211 1717 Μεσσήνιοι
234 1645 281 1705 νῦν
303 1641 474 1719 καλούμενα
497 1643 522 1706 oi
545 1643 574 1707 ἐν
598 1643 774 1723 Ναυπάκτῳ
796 1641 846 1707 καί
869 1641 894 1707 cl
917 1643 950 1707 ίκ
973 1653 1072 1708 Πυλυυ
1094 1643 1155 1708 ari.

99 1883 120 1961 ξ
145 1880 174 1945 9.
197 1877 289 1965 Vulg.
325 1879 455 1962 Ἀργεῖα
484 1880 539 1958 μὲν
570 1883 602 1947 od
625 1889 677 1957 τῆς
701 1890 754 1955 τῆς
781 1878 962 1962 ξυμμαχίας
985 1877 1070 1947 ἕνεκα
1093 1882 1209 1952 αάλλυν
1232 1880 1249 1957 ἤ
1272 1888 1325 1956 τῆς

56 1999 292 2075 Λακεδαιμονίαν
325 2025 359 2065 τε
392 2000 499 2082 ἔχίρας
531 1998 580 2065 καὶ
611 2009 664 2075 τῆς
695 1999 866 2079 παραυτίκα
895 1997 1013 2066 ἕκαστοι
1044 2000 1117 2072 ἰδίας
1142 2007 1251 2082 Δωριῆς
1275 1998 1324 2064 erl

57 2119 184 2200 Δωριέας
213 2120 294 2194 μετά
324 2121 478 2196 Ἀθηναίων
508 2119 605 2185 Ἰάνων
635 2120 809 2197 ἧκυλεάίυυν.
844 2120 871 2185 Β
903 2120 990 2188 solus
1020 2125 1095 2206 post
1122 2123 1248 2199 ’Λρνεῖα
1272 2121 1326 2198 μὲν

56 2233 135 2322 legit
169 2238 236 2317 γάρ
270 2244 303 2305 et
337 2259 411 2305 mox
444 2243 519 2324 post
553 2238 625 2312 ίδιάς
660 2239 772 2306 inserit
802 2241 980 2321 ὠφελίας,
1015 2239 1132 2324 quibus
1163 2237 1326 2307 vocabulis

57 2376 167 2423 carere
201 2357 329 2422 omnino
364 2378 428 2422 non
462 2378 642 2442 possumus.
688 2358 845 2426 Vaticano
883 2359 980 2446 plane
1019 2358 1179 2426 consentit
1212 2357 1324 2425 Vallar

60 2494 164 2554 „nam
198 2474 324 2562 Argivi,
367 2475 529 2543 societatis
563 2478 669 2562 gratia
701 2479 810 2564 potius
849 2499 946 2563 quam
980 2477 1218 2544 inimicitiarum
1253 2499 1326 2543 cum

60 2592 340 2674 „Lacedaemoniis
372 2600 405 2661 et
434 2616 512 2662 suae
543 2595 695 2681 cuiusque
726 2598 768 2663 ad
798 2618 952 2682 praesens
982 2596 1191 2677 utilitatis,
1223 2598 1325 2663 Dores

60 2711 237 2793 „adversus
262 2713 378 2794 Dores,
403 2714 533 2799 sequuti
556 2723 632 2782 sunt
653 2716 884 2797 Athenienses,
906 2715 963 2801 qui
986 2721 1061 2783 sunt
1082 2713 1207 2784 lones''.

102 2830 184 2897 Ibid
207 2830 298 2917 Vulg.
328 2831 435 2911 ξυνέβη
459 2834 488 2900 δὲ
511 2842 570 2906 τοῖς
594 2836 681 2916 Κρητί
707 2838 759 2912 τὴν
784 2835 880 2902 Γέλαν
905 2836 1016 2909 Ῥοδίοις
1040 2834 1260 2914 ξυνκτίταντας
1284 2837 1326 2912 μά

57 2950 109 3028 ξὺν
131 2958 193 3025 πυΐς
216 2952 343 3026 άπνίκνις
366 2955 438 3019 άλλ’
461 2954 508 3018 ἐπὶ
532 2954 598 3026 τοὺς
622 2955 793 3026 άπυίκυυς
818 2953 972 3029 άκνντας
995 2957 1077 3032 μετά
1102 2958 1204 3032 αιτίυῦ
1224 2957 1325 3040 ἕλίεῖν,

58 3071 86 3136 Β
109 3071 214 3138 solus:
336 3073 497 3145 ἐποίκους
521 3073 675 3145 ἕκίνπας.
712 3072 884 3147 Ἐκάντας
909 3095 987 3141 sane
1009 3075 1103 3141 unice
1126 3081 1175 3141 est
1199 3095 1325 3151 verum,

58 3192 155 3259 etiam
179 3213 200 3258 a
222 3191 316 3258 Valla
338 3211 543 3277 expressum:
570 3190 817 3276 „Contingitque
840 3197 876 3257 ut
898 3190 1067 3258 Cretenses
1090 3192 1145 3276 qui
1167 3213 1325 3258 unacum

61 3310 215 3392 „Rhodiis
237 3309 350 3377 Gelam
373 3311 608 3394 condidissent,
637 3331 703 3376 non
725 3330 784 3395 pro
809 3308 930 3375 colonis
953 3315 1101 3396 starent,
1133 3310 1189 3377 sed
1213 3315 1327 3376 contra

61 3427 155 3510 „illos
177 3427 279 3494 ultro
303 3428 464 3513 stipendia
486 3426 657 3495 facerent''.
693 3426 784 3506 Quod
808 3427 850 3492 ad
873 3425 900 3490 B
924 3428 1083 3498 ἐποίκους
1108 3427 1224 3493 attinet
1246 3435 1326 3513 puto

59 3552 239 3615 correctum
262 3568 332 3614 esse
354 3567 395 3613 ne
418 3547 468 3613 bis
491 3546 577 3613 idem
600 3545 790 3612 vocabulum
812 3546 991 3612 iteraretur.
1016 3544 1218 3629 Quamquam
1234 3567 1328 3631 prae·

58 3667 177 3734 cedens
198 3667 333 3740 άπάκιυς
357 3667 508 3733 admonet
529 3672 567 3732 ut
590 3670 622 3731 et
646 3669 757 3731 nostro
780 3663 851 3730 loco
874 3663 1038 3749 vulgatam
1062 3684 1223 3732 servemus
1236 3665 1272 3748 l).

104 3905 212 3990 Caput
242 3904 284 3969 57
315 3901 340 3994 ᾗ
372 3905 425 3970 10.
455 3903 548 3989 Vulg.
574 3903 622 3969 καὶ
646 3906 825 3968 Σικελιωτῶν
847 3903 881 3967 τὸ
903 3900 1002 3981 πλέον,
1025 3914 1048 3966 Β
1070 3901 1119 3967 καὶ
1144 3909 1272 3967 Σικελῶν
1294 3903 1327 3966 τὸ

59 4026 158 4090 πλέον.
205 4021 315 4108 Valla,
341 4044 412 4088 curn
435 4022 475 4088 de
500 4021 627 4089 Siciliae
650 4021 761 4088 incolis
783 4019 941 4106 indigenis
965 4040 1070 4087 sermo
1094 4020 1149 4105 sit,
1164 4020 1236 4105 jure
1253 4039 1328 4085 con·

60 4143 158 4212 sentit
191 4142 313 4228 optimo
346 4139 445 4210 libro:
485 4147 537 4224 „at
570 4141 715 4227 plerique
738 4139 946 4208 Siculorum.’'
992 4139 1089 4207 Valla
1111 4160 1222 4205 revera
1244 4138 1328 4205 inter

94 4386 123 4453 l)
141 4387 173 4438 cl.
191 4385 340 4439 Glareanus.
