3098 4988
823 312 866 375 68

208 549 357 635 copulam
373 548 544 633 expressit:
564 548 760 632 „aderatque
776 547 806 615 ei
822 547 1096 614 Clazomeniorum
1112 550 1210 631 atque
1221 547 1479 634 Erythraeorum

208 664 401 752 peditatus.'’

253 783 278 874 ,ξ
309 786 339 851 2.
372 784 463 872 Vulg.
493 785 712 867 προαισθόμενος
744 784 769 850 δ’
798 785 1055 868 ὂΣτρομβιχΙδιρς
1078 785 1318 866 προοιννὶνεπο;
1348 797 1371 850 Β
1396 782 1478 862 ἔξοιν-

207 906 314 982 lytra
339 903 390 970 oni
413 903 526 970 Vallae
553 903 787 983 „abscessit”
811 909 918 988 potest
941 904 1146 989 respondere.
1181 903 1393 989 inpromptu
1417 901 1478 968 etsi

207 1028 258 1089 sst
279 1022 385 1089 dioere
409 1022 634 1105 Στρομβιχίδης
658 1022 817 1101 theodorae
832 1023 852 1088 i.
870 1044 897 1089 e.
912 1028 1040 1108 portum
1056 1021 1204 1106 reliquit,
1225 1021 1354 1108 vulgata
1368 1025 1477 1088 tamen

207 1163 340 1228 prorsus
372 1142 485 1211 odiosa
512 1163 577 1209 non
608 1149 675 1210 este
708 1144 825 1210 etenim
857 1165 928 1210 oum
959 1143 1200 1210 Atheniensium
1224 1143 1289 1210 dux
1313 1163 1477 1210 secessum

208 1261 347 1328 hostium
380 1261 628 1347 praesensisset,
661 1261 708 1328 nil
741 1263 894 1329 miramur
931 1283 1002 1329 eum
1032 1263 1066 1328 in
1094 1262 1194 1329 altum
1225 1261 1295 1329 vela
1327 1261 1475 1345 dedisse,

208 1386 382 1465 antequam
405 1381 531 1449 hostilis
554 1381 667 1449 elassis
691 1382 829 1449 adesset.

252 1499 329 1589 §a
364 1499 455 1585 Vulg.
484 1500 533 1563 sal
566 1498 692 1580 ἐπέσχον
723 1501 776 1575 μὲν
806 1499 834 1564 οἱ
866 1499 1014 1577 πολλοί,
1042 1501 1174 1565 Breote
1197 1498 1221 1562 oi
1245 1496 1359 1579 πεζοί,
1391 1497 1478 1581 quod

209 1640 230 1686 a
251 1619 346 1687 Valla
376 1619 556 1688 stabilitur:
590 1620 907 1704 „peditatumque
1026 1616 1288 1696 introduxerunt,
1313 1616 1381 1700 qui

208 1715 334 1807 muros
357 1739 566 1807 demolitus
590 1737 674 1807 est''

252 1858 333 1924 Ibid.
357 1857 446 1942 Volg.
469 1860 604 1941 κοθῄροον
628 1857 725 1943 οὑτοι,
749 1857 776 1922 Β
792 1856 882 1924 addit
898 1854 1046 1940 copulam
1062 1879 1109 1933 τε,
1136 1853 1175 1919 de
1191 1874 1257 1938 qua
1273 1852 1475 1920 vehementer

208 1977 321 2043 dubito
344 1976 385 2043 ob
410 1997 547 2061 sequens
571 1976 765 2056 ξορκοινήροον
789 1975 833 2044 δέ.
876 1973 970 2041 Valla
993 1973 1141 2058 neglexit.

253 2094 336 2163 Ibid.
361 2095 452 2178 Vulg.
476 2096 543 2177 πρὸς
568 2096 695 2176 ἤπειρον,
720 2095 747 2159 Β
770 2100 857 2164 reete
879 2095 917 2159 πὸ
940 2093 1008 2175 προς
1032 2093 1152 2172 ἤπειρον.

253 2213 334 2283 Ibid.
359 2213 454 2299 Vulg.
477 2211 513 2279 ὧν
538 2211 610 2296 ἦρχε
634 2213 769 2292 zadare-
805 2213 911 2279 Variis
934 2212 1037 2278 modis
1059 2211 1093 2276 in
1116 2210 1205 2278 libris
1228 2208 1367 2276 refertur
1386 2208 1474 2274 dueis

207 2351 339 2410 nomen3
373 2332 400 2398 si
431 2338 539 2399 autem
569 2332 653 2398 idem
685 2337 749 2411 est,
781 2331 837 2415 qui
867 2330 948 2397 Xen.
978 2329 1062 2396 Hell.
1090 2330 1118 2396 1.
1143 2331 1173 2395 2.
1197 2328 1472 2412 rememoratur,

209 2453 294 2515 certe
318 2449 521 2517 scribendum
545 2456 594 2518 est
617 2450 741 2527 Σνοὶννς
759 2450 797 2535 ¹).

252 2715 358 2803 Caput
385 2718 422 2783 17
446 2715 470 2808 ξ
493 2718 524 2786 2.
549 2717 644 2802 Vulg.
668 2717 722 2789 τοὶς
745 2741 783 2782 τε
907 2720 986 2787 νιιῦς.
1011 2712 1168 2798 Copulam
1194 2729 1278 2795 quae
1294 2728 1361 2777 non
1376 2709 1474 2778 habet

209 2856 273 2920 quo
296 2837 447 2922 respiciat
470 2838 497 2902 B
521 2842 553 2905 et
576 2836 670 2904 Valla
692 2837 878 2905 omiserunt.

252 2952 276 3045 ξ
299 2955 329 3021 4.
354 2955 446 3041 Vulg.
472 2959 488 3033 ἦ
612 2955 779 3037 ξυμμαχία
896 2953 1039 3031 ἐγένετο
1056 2949 1122 3025 ἥδε,
1143 2954 1238 3015 recte.
1261 2946 1472 3024 Βὲγεγένηπο.

207 3072 315 3142 Valla:
340 3073 477 3141 societas
500 3072 582 3141 inita
605 3073 680 3141 est'’.

252 3340 358 3425 Caput
383 3340 424 3406 18
447 3339 471 3431 ἓ
496 3343 525 3407 2.
560 3341 652 3427 Vulg.
686 3328 737 3407 ποῖι
770 3341 900 3411 πολέμου
936 3341 1004 3421 πρὸς
1035 3338 1218 3415 Ἀθηναιους,
1250 3335 1277 3400 Β
1305 3339 1382 3400 ante
1406 3334 1474 3417 πρὸς

206 3458 319 3526 inserit
341 3457 426 3544 πούς,
450 3459 535 3544 quod
560 3480 631 3526 oum
654 3460 807 3528 Classeno
829 3462 1018 3527 mutandum
1043 3465 1092 3528 est
1114 3459 1149 3525 in
1164 3463 1225 3524 τοῦ.
1249 3454 1364 3522 Valla:
1385 3453 1474 3536 „bel-

206 3577 336 3662 lumque
360 3598 431 3645 eum
456 3577 702 3646 Atheniensibus
726 3580 897 3647 dissolvere
920 3601 961 3646 ne
983 3578 1107 3648 liceat.’'

250 3693 275 3786 ξ
297 3697 327 3763 3.
352 3695 443 3781 Vulg.
467 3697 597 3775 πολέμιοι
620 3699 750 3764 ἔοποιοοον
765 3699 999 3778 βοιοιιιεῖκοιποὶ
1022 3705 1160 3774 τοῦτον,
1178 3711 1200 3763 Β
1216 3695 1310 3761 aava
1334 3693 1473 3772 τοιύποὶ,

207 3813 293 3897 qnod
323 3818 431 3880 tuetur
461 3815 633 3882 Classenus
664 3815 803 3884 laudans
830 3819 850 3884 l.
875 3817 904 3883 V
928 3837 955 3883 e.
983 3818 1023 3880 18
1046 3813 1070 3904 ξ
1094 3816 1126 3883 9.
1171 3813 1266 3881 Valla
1296 3833 1369 3878 oum
1395 3832 1475 3879 non·

206 3932 302 3998 nullis
323 3930 414 3999 libris
437 3933 519 3998 κιινιὶ
540 3940 640 3998 τοῦτον
668 3937 832 4023 conjungit
855 3955 926 4000 oum
950 3933 1066 4016 eapitis
1083 3933 1246 4018 sequentis
1261 3929 1370 4016 initio,
1386 3929 1474 3996 unde

206 4051 307 4116 oritur
328 4049 440 4132 leetio,
471 4070 554 4134 quae
577 4052 716 4136 speeiem
736 4054 856 4123 ¹saltem
876 4049 979 4119 babet
1000 4049 1095 4117 modo
1119 4049 1242 4118 scribas
1265 4048 1349 4115 κοινοὶ
1371 4055 1474 4115 τοῦτον

933 4166 999 4215 ua

237 4380 265 4443 l)
283 4380 315 4431 cl.
332 4381 413 4445 prael.
432 4394 490 4446 pag.
507 4376 557 4431 *Γ
