3098 4988
824 304 869 371 94

214 541 343 619 πολέμου
371 541 413 607 τὰ
443 543 592 621 χρήματα
621 544 816 624 Τισσαφέρνει
839 544 1005 611 ύπσθσῦναι.
1041 544 1093 611 sic
1117 548 1149 609 et
1171 542 1281 611 Valla:
1309 564 1404 623 „em
1426 564 1484 629 pe·

214 663 341 729 cuniam
370 660 461 729 finite
484 662 568 730 bello
689 663 935 731 Lacedaemonii
1057 663 1268 749 Tissapherni
1291 661 1486 731 reddunto.’'

214 783 241 848 B
265 787 340 850 ante
364 787 555 856 τελευτῶντες
577 781 672 849 inane
695 781 859 866 quoddam
881 782 1001 848 κωλύειν
1023 782 1123 849 addit.

258 899 283 992 ἓ
306 903 336 968 7.
359 902 451 968 Prius
474 901 503 967 a
525 901 645 987 injuria
666 901 845 986 neglectum
869 901 975 968 estin
998 913 1029 966 B.

259 1021 365 1106 Caput
386 1022 430 1087 59
453 1018 478 1111 ξ
503 1023 531 1088 1.
553 1020 648 1105 Vulg.
670 1022 702 1086 αἱ
725 1022 779 1100 μὲν
801 1020 923 1086 σπονδαὶ
948 1016 1057 1086 αύται
1082 1019 1229 1099 servom,
1252 1033 1274 1086 Β
1297 1027 1485 1104 τοιαῦται,

214 1142 300 1226 quod
336 1139 507 1207 Classenus
533 1141 606 1226 jure
637 1162 701 1209 non
732 1145 842 1208 censet
871 1141 1088 1226 recipiendum
1118 1144 1251 1226 propter
1264 1213 1267 1218 ,
1281 1140 1485 1226 praecedens

213 1261 305 1327 τθσθε
328 1261 369 1346 (c.
393 1260 447 1326 57.
473 1261 518 1346 2).
543 1257 684 1326 Stehlius
707 1259 819 1326 laudat
842 1279 869 1325 c.
890 1261 939 1339 19,
962 1257 1033 1349 §L
1049 1257 1157 1325 Valla:
1185 1259 1267 1340 „hae
1284 1258 1484 1344 pactiones”.

259 1380 339 1446 lbid.
370 1377 462 1463 Vulg.
493 1378 542 1443 καὶ
564 1379 646 1455 μετὰ
668 1384 788 1445 ταῦτα
810 1377 1043 1459 παρεσκευάζετο
1065 1378 1282 1460 Τισσαφέρνης.
1316 1378 1486 1463 Bprono·

214 1521 286 1567 men
319 1499 362 1566 ad
392 1499 514 1564 σπονδαί
543 1496 685 1565 referens
717 1496 828 1564 scribit
857 1497 939 1573 μετὰ
962 1495 1088 1572 ταύτας.
1124 1497 1292 1566 Goellerus
1316 1500 1484 1584 vulgatam

213 1640 344 1686 servans
378 1617 492 1683 iaudat
524 1637 550 1683 o.
583 1617 623 1682 19
656 1620 673 1695 η
701 1642 755 1695 μεν
785 1615 952 1697 ξυμμαχίαν
975 1613 1050 1692 αὕτη
1074 1617 1198 1695 ἐγένετο.
1223 1617 1303 1695 μετὰ
1327 1618 1484 1684 δὲταῦτα

213 1738 274 1804 art.
297 1736 384 1802 Nihil
400 1735 480 1801 certi
494 1732 649 1801 efficimus
666 1755 705 1800 ex
721 1731 825 1819 Valla,
843 1734 897 1818 qui
914 1734 1089 1802 sententies
1104 1733 1236 1802 liberius
1252 1737 1338 1802 inter
1354 1757 1388 1803 se
1404 1756 1485 1803 eon·

210 1857 333 1944 junxitz
371 1855 497 1939 „Atque
531 1853 593 1920 hae
627 1854 795 1939 pactiones
830 1853 929 1920 initae
958 1852 1105 1950 fuerunt,
1145 1859 1220 1941 pust
1250 1870 1340 1939 vquas
1374 1856 1485 1922 Tissa·

213 1975 351 2060 phernes
374 1993 506 2057 operam
530 1970 658 2038 dabat'’.

257 2090 338 2158 Ibid.
373 2089 464 2174 Vulg.
498 2090 548 2154 nai
582 2088 721 2165 ἐβούλετο
755 2089 1045 2171 παρασκευαζόμενοι
1079 2085 1135 2156 σύν
1165 2090 1249 2166 titos
1270 2087 1351 2158 εἶναι.
1384 2091 1483 2159 Haud

213 2209 342 2293 illepide
373 2208 400 2271 B
431 2212 518 2284 νσύνι
551 2205 689 2290 speciem
720 2206 899 2290 opitulandi
930 2207 1044 2273 saltem
1074 2228 1152 2291 prae
1176 2228 1210 2274 se
1233 2207 1318 2276 ferre
1341 2209 1484 2279 volebat.

214 2328 311 2394 Valla
339 2327 373 2392 in
403 2324 578 2391 minoribus
609 2323 772 2391 vocabulis
802 2345 867 2391 non
898 2326 1092 2405 audiendus3
1123 2325 1194 2394 fieri
1224 2333 1331 2413 potest
1354 2333 1391 2395 ut
1412 2334 1484 2408 γοῦν

214 2446 366 2512 mendose
397 2444 527 2511 verterit
557 2466 616 2530 per
649 2442 801 2525 ,‚etiam'':
836 2444 963 2525 „animo
994 2445 1096 2514 etiam·
1122 2447 1308 2514 ostentandi
1337 2468 1373 2513 se

216 2561 410 2650 apparare”.
932 2650 935 2656 ¹

260 2683 366 2767 Caput
400 2682 451 2748 60.
489 2680 581 2765 Vulg.
616 2681 664 2746 aui
700 2678 846 2757 γενόμενοι
881 2681 943 2761 περ)
979 2680 1017 2746 τὸ
1051 2680 1195 2761 Τριθπιεν.
1232 2682 1259 2747 Β
1290 2681 1410 2749 omittit
1441 2682 1484 2750 τύ.

216 2801 326 2868 Valla:
354 2821 445 2884 „cum
569 2799 655 2865 omni
679 2820 750 2865 cum
774 2798 876 2866 classe
900 2798 987 2866 circa
1009 2798 1173 2885 Triopium
1196 2799 1418 2886 navigarent'.

260 2918 285 3011 ξ
308 2922 339 2988 3.
364 2918 457 3004 Vulg.
481 2919 529 2984 sai
553 2917 678 2984 εἷκεστθν
699 2919 761 2990 ἕσσε
784 2916 926 2984 ἐτελεύτα
948 2921 988 3000 τῷ
1012 2918 1131 2999 πσλέραιρ
1145 2919 1232 2999 τῷδε,
1248 2930 1287 3000 Β,
1308 2919 1349 3000 τῷ
1365 2920 1487 3000 πολέμῳ
1543 2946 1545 2950 ⁴

217 3040 360 3107 ἐτελεύτα
389 3039 461 3119 τῷδε
488 3039 636 3105 usitatior
658 3038 751 3104 huius
775 3036 933 3105 formulae
955 3035 1123 3103 verborum
1149 3036 1236 3132 ordo.
1283 3036 1320 3103 V.
1347 3037 1487 3125 „Hyems

217 3157 299 3224 haec
322 3156 469 3224 confecta
491 3162 541 3224 est
564 3161 597 3222 et
618 3155 785 3241 vicesimus
808 3155 902 3222 huius
926 3154 1002 3222 belli
1025 3151 1157 3221 annus’'.

263 3394 370 3479 Caput
401 3395 442 3460 61
467 3398 487 3477 ξ
511 3395 540 3460 2.
564 3392 658 3479 Vulg.
682 3393 881 3478 παρεπέμφθη
1002 3396 1036 3466 ἐς
1066 3394 1352 3475 Ἑλλησπθντσν,
1384 3396 1486 3481 Βὲφ’

219 3513 483 3587 Ἑλλησπόντου
506 3512 689 3578 accuratius
713 3532 798 3580 sane.
844 3512 895 3578 Ex
916 3511 1011 3581 Valla
1033 3511 1113 3579 nihil
1136 3512 1229 3580 nobis
1251 3517 1361 3597 potest
1384 3535 1488 3601 appe·

219 3653 308 3699 rere:
335 3631 470 3712 „missus
493 3631 599 3698 estin
622 3629 897 3714 Hellespontum”.

265 3758 286 3836 ξ
310 3754 339 3818 2.
370 3750 464 3836 Vulg.
493 3749 523 3824 ὃς
553 3749 723 3816 Ἀντισθένει
743 3747 890 3826 ἐπιβύπης
913 3747 1104 3828 ξυνεξηλθε
1128 3750 1305 3836 elegantius
1329 3757 1362 3820 et
1383 3753 1487 3821 verius

221 3891 319 3956 quam
341 3868 461 3946 ξυνῆλθε
483 3867 557 3933 libri
579 3866 616 3933 B.
661 3866 770 3948 Valla,
794 3868 850 3951 qui
871 3867 968 3934 verba
992 3868 1169 3951 composita
1190 3869 1223 3935 in
1240 3857 1486 3955 praepositioni·

221 3988 281 4055 bus
320 3986 449 4070 saepius
483 3984 674 4051 incuriosius
709 3985 877 4052 uastauit:
916 3984 992 4067 „qui
1026 4005 1097 4050 cum
1130 3984 1320 4053 Antisthene
1355 3992 1488 4056 venerat

222 4103 385 4191 epibata'‘.

266 4221 348 4288 Ibid.
382 4220 474 4306 Vulg.
505 4225 575 4293 ναῦς
607 4219 755 4306 δώδεκα,
791 4239 886 4302 quern
909 4236 1077 4290 numerum
1100 4225 1134 4286 et
1155 4218 1249 4288 Valle
1271 4221 1371 4290 refert
1393 4223 1491 4308 idque

219 4340 309 4439 jure,
325 4345 362 4406 ut
377 4361 416 4406 ex
432 4339 580 4436 sequenti
595 4339 723 4407 navium
739 4334 979 4415 enumeratione
995 4333 1161 4410 discimus.
1183 4339 1211 4411 B
1226 4340 1380 4415 mendose
1396 4342 1491 4413 δέκα.
