3098 4988
751 320 794 399 6'9

136 568 204 647 μὲν
236 574 253 648 ἡ
282 570 450 650 ξυμμαχία
480 566 555 644 αὕτη
587 569 711 649 ἐγένετο.
758 568 865 637 Verba
893 569 975 635 κατὰ
1005 575 1106 636 ταῦτα
1132 570 1315 637 necessaria
1341 589 1406 636 non

137 709 210 756 esse
233 690 351 756 docent
374 689 436 755 loci
459 688 586 771 gemelli
609 708 636 754 c.
661 688 703 753 37
728 687 752 778 ξ
775 690 796 752 5
820 693 853 755 ct
875 709 902 754 e.
926 688 970 753 58
993 687 1017 778 ξ
1039 689 1070 756 4.

182 924 288 1011 Caput
305 927 346 992 19
369 923 439 1016 §L
464 925 555 1010 Vulg.
578 927 659 1004 μετα
683 925 872 1005 δὲταῦτα,
897 939 919 991 Β
942 931 1056 991 τοῦτο.
1079 924 1174 991 Valla
1199 924 1360 1010 ‚‚postea’'

181 1047 255 1128 §2
290 1044 381 1111 Libri
411 1045 545 1121 ἐλθούσας
684 1045 836 1124 ἀγγελίας
864 1048 962 1117 αὐτοῖς
985 1045 1131 1109 οξτοτλεῑυ
1154 1043 1255 1118 τοὶλιν,
1280 1045 1339 1109 καὶ
1363 1042 1406 1109 ὅτι

138 1165 289 1245 Ἀμόργιος
313 1166 468 1248 ταρέσται.
493 1164 587 1233 Valla
611 1165 719 1233 omisit
742 1167 811 1250 acl,
828 1167 915 1250 quod
930 1165 1108 1233 sententiae
1124 1169 1268 1232 tenorem
1284 1162 1404 1231 turbat.

183 1402 291 1488 Caput
314 1404 366 1469 20.
401 1402 492 1489 Vulg.
515 1398 590 1486 ᾧτερ
614 1404 748 1482 ἐγίγνετο
773 1404 824 1480 ἤδη
847 1406 934 1469 troica
958 1405 975 1479 ἡ
996 1403 1190 1485 ναυαρχία.
1236 1403 1316 1470 Cum
1339 1422 1405 1470 non

136 1523 200 1589 nisi
222 1523 262 1590 de
286 1523 398 1590 classis
422 1523 557 1608 imperio
581 1522 640 1590 fiat
662 1543 785 1605 sermo,
808 1521 940 1590 dubium
962 1528 1065 1590 restat
1079 1523 1219 1604 nullum,
1242 1524 1321 1608 quin
1337 1523 1404 1590 vul-

135 1649 214 1728 gata
237 1662 347 1708 veram
371 1641 520 1709 exhibeat
544 1642 758 1727 scripturam,
783 1662 866 1726 quae
888 1641 986 1708 etiam
1008 1663 1029 1709 a
1048 1640 1142 1708 Valla
1165 1646 1216 1709 est
1231 1661 1403 1735 expressa:

139 1784 258 1847 „penes
289 1783 384 1847 quem
411 1764 479 1849 jam
511 1767 596 1830 esset
622 1781 747 1830 summa
769 1761 816 1827 rei
839 1758 992 1827 navalis.”
1038 1761 1083 1828 Ut
1105 1781 1203 1845 supra
1226 1781 1251 1826 c.
1272 1761 1313 1826 12
1335 1758 1360 1849 ξ
1382 1759 1405 1824 4

137 1881 218 1946 miro
252 1882 347 1948 modo
382 1903 440 1967 pro
475 1885 541 1950 νεῶν
572 1879 599 1946 Β
630 1879 755 1947 rettulit
784 1878 953 1959 Ἀθηναίων,
984 1878 1092 1946 nescio
1122 1899 1186 1962 quo
1217 1884 1313 1964 pacto
1343 1898 1404 1962 pro

137 1999 287 2082 ναυαρχία
316 2005 428 2068 nestro
459 2001 530 2069 loco
563 2000 643 2066 dixit
672 1998 873 2081 ναυμαχία.
895 2081 898 2088 ¹
920 1997 1002 2066 Cave
1033 2018 1074 2064 ne
1105 2002 1199 2083 putes
1224 1997 1264 2063 de
1288 1995 1404 2063 calami

138 2137 263 2196 errore3
296 2118 389 2202 quasi
420 2118 502 2185 enim
538 2118 577 2184 de
611 2117 770 2185 industria
803 2118 923 2184 factum
958 2117 1016 2198 sit,
1051 2122 1102 2184 ter
1140 2116 1304 2202 scriptoris
1334 2137 1403 2183 ma·

137 2257 213 2301 num
246 2236 448 2320 inquinatam
474 2235 650 2303 invenimus
677 2235 711 2300 in
738 2235 850 2302 eodem
878 2234 1032 2303 vocabulo
1058 2238 1228 2317 ναυμαχία.
1255 2235 1310 2322 (cf.
1341 2237 1403 2317 33,

138 2356 166 2420 υ.
192 2355 253 2435 aa,
280 2355 323 2441 1).

182 2590 289 2677 Caput
310 2592 438 2675 2151.
462 2590 552 2676 Vulg.
576 2592 590 2656 ὃ
613 2592 701 2670 δῆμος
828 2594 855 2666 ἐς
880 2594 1036 2666 διακοσίους
1161 2601 1227 2662 τῶν
1250 2595 1403 2663 δυνατῶν

136 2713 308 2796 ἀπέκτεινες
341 2725 363 2776 Β
394 2716 459 2777 τῶν
489 2712 765 2790 δυνατωτάτους
788 2713 1015 2797 superlativum
1039 2712 1225 2801 Classem,
1250 2715 1338 2799 quod
1360 2716 1403 2783 ed

136 2836 280 2898 nostrum
302 2828 425 2906 locum,
450 2831 576 2916 egregie
599 2829 759 2897 defendit:
795 2834 870 2910 „cdv
900 2830 1108 2898 δυνατωτάτων
1138 2831 1223 2900 habe
1254 2833 1307 2900 ich
1341 2855 1401 2901 ans

136 2948 208 3015 Vat.
241 2947 294 3014 fiir
317 2954 372 3013 τῶν
395 2947 521 3040 δυνατῶν
544 2947 787 3033 autgenemmen
810 2948 877 3014 und
900 2949 981 3016 eben
1005 2970 1041 3017 so
1065 2971 1091 3017 c.
1114 2950 1175 3029 48,
1200 2952 1217 3016 1
1242 2973 1273 3017 u.
1296 2952 1357 3032 63,
1382 2953 1402 3016 3

135 3070 159 3136 οἱ
183 3068 390 3135 δυνατώτατοι.
427 3067 476 3132 An
500 3067 609 3133 diesen
633 3067 754 3134 Stellen
770 3067 897 3134 werden
914 3068 966 3134 die
982 3068 1236 3154 angesehensten
1253 3069 1319 3136 und
1335 3070 1402 3136 ein·
1427 3065 1429 3069 ’

137 3185 379 3254 flussrcicbsten
402 3185 537 3252 Manner
561 3186 619 3253 der
640 3185 748 3253 Partei
763 3185 1040 3271 hervcrgehoben‚
1063 3187 1120 3254 vvie
1136 3189 1219 3255 auch
1237 3191 1265 3267 1,
1285 3189 1401 3272 115,4

136 3306 291 3374 ebenlalls
325 3303 383 3371 aui
413 3303 553 3372 Samos.'’
595 3305 754 3372 Vaticano
780 3305 941 3372 consentit
964 3305 1058 3372 Valla
1082 3306 1153 3392 qui,
1180 3308 1278 3393 paulo
1303 3329 1402 3394 supra

135 3432 260 3493 vertens
291 3433 350 3499 τοῖς
380 3426 510 3497 δυνατοῖς
543 3445 602 3510 per
633 3422 834 3509 „primores’'‚
867 3430 977 3492 ncstm
1007 3425 1077 3493 loce
1101 3426 1330 3511 interpretatus
1354 3433 1403 3495 est

138 3546 294 3627 „maxime
317 3542 494 3629 potentes'’‚
523 3544 607 3610 unde
632 3563 704 3610 eum
727 3543 845 3610 vidisse
868 3543 1097 3629 superlativum
1121 3552 1266 3631 apparet

179 3664 260 3730 Ibid.
296 3663 389 3748 Vulg.
424 3665 623 3744 τετρακοσίους
657 3663 686 3728 δὲ
719 3670 805 3746 φυγῇ
837 3662 1035 3745 ζημιώσαντες
1067 3666 1117 3730 καὶ
1149 3666 1230 3731 αὐτοὶ
1262 3667 1313 3741 τὴν
1344 3675 1402 3745 γῆν

135 3787 230 3850 αὐτῶν
261 3784 311 3848 καὶ
343 3785 432 3855 οἰκίας
465 3783 641 3861 νειμάμενοι.
687 3782 714 3847 Β
738 3783 825 3849 hisce
850 3781 941 3849 addit
963 3792 1114 3869 κατεῖχον,
1140 3785 1227 3869 quod
1250 3806 1328 3852 eane
1351 3786 1400 3851 in·

134 3903 300 3970 transitive
335 3907 526 3987 usurpatum
556 3901 643 3968 haud
674 3901 840 3987 displicet,
876 3901 938 3968 etsi
968 3902 1065 3969 etiam
1096 3904 1251 3971 vocabulo
1282 3905 1399 3971 omisso

136 4022 314 4089 sententiae
336 4027 481 4089 tenerem
503 4042 568 4088 non
584 4022 680 4089 credo
696 4021 889 4107 perturbari.
913 4020 976 4088 Sed
993 4023 1135 4089 dandum
1151 4031 1201 4091 est
1216 4044 1280 4091 non
1294 4023 1398 4108 illepi-

134 4141 210 4207 dum
241 4162 311 4208 esse
342 4139 615 4217 additamentum,
647 4139 698 4207 cui
728 4160 795 4205 una
825 4140 920 4207 modo
951 4160 1004 4208 res
1028 4142 1197 4225 quominus
1220 4141 1399 4227 Thucydidi

133 4260 295 4327 tribuatur
318 4258 434 4326 obstat.
474 4258 556 4336 Quid
580 4259 664 4325 enim
688 4263 737 4326 est
758 4266 900 4340 κατεῖχον
922 4259 986 4326 nisi
1010 4260 1199 4346 „imperium
1221 4259 1398 4328 tenebant”

134 4378 184 4455 vel
217 4380 347 4464 „urbem
371 4376 564 4466 regebant’?
602 4378 693 4459 Quod
716 4399 789 4447 cum
802 4378 858 4449 ita
881 4380 940 4460 sit,
964 4400 1058 4447 nemo
1081 4381 1213 4470 dixerit,
1237 4381 1314 4466 quid
1338 4380 1399 4448 sibi
