3098 4988
795 303 840 371 99

179 541 246 608 iret
267 541 400 627 ipseque
423 541 457 607 in
475 541 621 629 judicum
644 547 814 609 vocaretur
831 544 915 628 ....)
938 543 1062 609 videtur
1084 543 1162 610 mihi
1177 544 1295 629 optime
1311 545 1452 613 omnium

302 681 434 728 cansam
469 661 584 746 capitis
620 661 803 728 dixisse’'.
848 661 876 726 E
910 660 1006 728 serbo
1042 662 1186 730 dixisse
1221 664 1381 752 sequitur,
1416 670 1453 732 ut

180 779 279 847 Valla
314 800 419 847 veram
450 780 619 847 lectionem
649 780 764 847 viderit
793 779 1139 866 ἀπολογησάμενος,
1169 802 1253 866 quse
1283 783 1317 848 in
1346 784 1374 849 Β
1403 789 1454 850 est

181 898 361 984 depravata
383 899 418 965 in
439 898 766 979 ἀπολογησόμενος.

226 1015 252 1109 ξ
275 1019 304 1085 3.
328 1017 419 1103 ang.
442 1019 634 1102 Φρύνιχος,
658 1032 681 1086 Β
705 1019 718 1085 ὁ
742 1022 913 1102 Φρύνιχος
937 1019 1065 1086 rectius.

228 1254 334 1342 Caput
365 1257 407 1323 69
438 1254 462 1346 ἓ
497 1259 526 1323 l.
563 1256 654 1341 Vulg.
691 1257 785 1338 τρόπῳ
819 1255 914 1338 τοιῷδε
949 1255 1062 1338 ὕστερον
1096 1255 1164 1332 ἤδη,
1200 1268 1222 1321 Β
1252 1256 1303 1333 ἤδη
1337 1253 1451 1339 ὕστερον

180 1375 278 1457 τρόπῳ
300 1375 407 1457 τοιῷδε.

226 1492 308 1561 Ibid.
332 1494 423 1580 Vulg.
446 1496 470 1560 οἱ
494 1495 518 1560 δ’
542 1507 563 1561 Β
588 1497 619 1561 οὐ
642 1495 666 1560 δ’
689 1516 868 1582 perperam.

226 1610 305 1704 §Z
334 1613 423 1699 Vulg.
455 1616 504 1680 ὑπ’
541 1617 640 1687 αὐτοῖς
672 1623 731 1690 τοῖς
763 1612 878 1701 ἔντονος
910 1627 932 1680 Β
964 1614 1020 1681 ἐπ’
1052 1618 1155 1693 reete,
1189 1613 1285 1681 stiam
1316 1611 1453 1680 eValln

180 1752 389 1817 expressum:
412 1733 522 1818 „apud
546 1733 668 1800 arma’'.

226 1849 309 1917 Ibid.
332 1849 423 1937 Vulg.
455 1855 542 1918 recte
564 1853 700 1930 Τήνοονς
727 1851 837 1920 Valla:
874 1848 1012 1932 ‚,Tenii”.
1036 1851 1063 1917 B
1087 1857 1237 1936 corrupte
1260 1852 1352 1925 Τήιον.

225 1967 251 2060 ξ
275 1970 306 2036 3.
330 1968 422 2055 Vulg.
445 1967 493 2044 οὓς
516 1972 540 2035 οἱ
565 1968 709 2047 Ἀθηναῖοι
732 1973 874 2053 tuendus
899 1971 1076 2046 οἲκήοοντονς.
1099 1969 1212 2036 Futuri
1227 1969 1356 2036 notione
1371 1990 1452 2053 opus

181 2092 251 2172 est,
275 2085 413 2172 ideoque
443 2086 471 2151 Β
501 2087 620 2172 injuria
642 2086 742 2155 refert
764 2090 941 2164 οἷνήοοοντεο.
988 2087 1083 2154 Valla
1105 2085 1222 2171 probe:
1254 2107 1353 2171 „quos
1375 2086 1452 2154 illuc

182 2204 366 2272 habitatum
396 2205 552 2272 miserant
574 2203 816 2276 Athenienses’‘.
862 2206 901 2271 In
923 2206 950 2272 B
974 2224 1101 2290 quoque
1123 2203 1217 2270 abest
1239 2203 1406 2272 articulus.

227 2321 308 2390 lbid.
342 2322 438 2408 Vulg.
472 2319 512 2397 οἷς
542 2329 660 2391 τοῦτον
683 2324 840 2407 προείρητο,
865 2336 887 2390 Β
911 2323 1020 2389 τοούτοὶ.
1066 2323 1109 2390 Et
1130 2321 1192 2388 hoc
1215 2301 1248 2391 et
1271 2322 1351 2388 illud
1375 2321 1452 2389 ferri

180 2446 310 2528 potest,
334 2462 530 2526 quamquam
552 2447 627 2528 post
648 2443 746 2510 verba
769 2445 820 2509 ἐτ’
844 2442 931 2509 οὐτὸ
954 2448 1056 2508 τοῦτο
1080 2439 1193 2517 ἥκοντες
1216 2440 1449 2509 vixverisimile

180 2566 233 2628 est
262 2561 454 2646 scriptorem
484 2561 600 2627 iterum
632 2561 758 2627 dedisse
789 2559 904 2639 cadrei,
924 2562 1011 2646 qnod
1035 2561 1076 2628 nd
1101 2561 1293 2628 sententiam
1318 2562 1385 2628 fere
1408 2561 1449 2629 ab

181 2681 231 2744 ἐτ’
263 2679 338 2746 οὐτὸ
366 2685 451 2744 τοῦτο
481 2699 547 2745 non
579 2678 757 2766 discrepet,
781 2683 814 2745 et
835 2699 938 2764 paene
961 2678 1084 2762 puerile
1107 2679 1184 2762 quid
1207 2677 1314 2745 hebet
1357 2679 1452 2746 Valla

180 2799 331 2885 vulgatus
354 2799 521 2865 concinere
544 2798 685 2866 videtur:
713 2797 849 2881 „quibus
872 2797 905 2863 id
929 2797 1090 2882 negotium
1113 2796 1224 2863 datum
1247 2795 1327 2863 est.''

226 2915 307 3008 ἓ4.
332 2917 423 3003 Vulg.
454 2916 587 2984 ciriacus
611 2917 660 2984 κον)
685 2918 786 2982 ἑκατὸν
808 2915 878 2995 μετ’
902 2918 997 2982 οούτῶν
1017 2920 1162 2991 Ἕλληνες
1184 2915 1333 2981 νεανίσκον.
1367 2914 1394 2978 Β
1419 2921 1452 2981 et

180 3037 328 3103 nonnulli
351 3037 407 3104 elii
430 3037 581 3104 omittunt
600 3034 754 3116 Ἕλληνες,
782 3036 878 3120 quod,
902 3036 963 3102 etsi
986 3035 1124 3102 fortasse
1147 3034 1244 3120 paulo
1266 3036 1450 3103 inusitatius

180 3155 329 3222 additum
361 3158 428 3238 est,
458 3159 567 3220 tamen
598 3174 656 3219 our
685 3153 908 3237 proscribatur
938 3159 1046 3221 exstat
1074 3174 1173 3220 causa
1194 3153 1293 3219 nulla.
1338 3154 1452 3221 Nonne

180 3271 252 3340 fieri
285 3277 411 3358 potest,
445 3275 482 3338 nt
515 3270 549 3337 hi
579 3272 723 3347 Ἕλληνες
762 3273 901 3338 νενονίονοο
941 3278 1148 3357 apponantur
1180 3271 1243 3338 illis
1266 3271 1452 3339 custodibus

181 3391 329 3477 Andriis,
369 3389 493 3469 Teniis‚
533 3388 709 3476 Carystiis?
746 3388 857 3457 Vella:
911 3388 1158 3471 „comitantibus
1192 3396 1320 3457 centum
1343 3391 1453 3477 viginti

182 3507 440 3576 adolescentibus
463 3507 626 3574 Graecis'’.

227 3625 308 3694 Ibid.
331 3626 424 3712 Vuig.
447 3625 475 3692 ri
495 3627 526 3693 rt
548 3650 603 3693 τον
626 3639 647 3692 Β
670 3626 698 3693 οἵ
718 3627 773 3692 τού
796 3652 824 3694 το
848 3627 953 3693 minns
976 3633 1072 3694 recte.
1107 3626 1203 3694 Valla
1228 3626 1360 3708 „sicubi

229 3862 336 3948 Caput
359 3863 403 3928 70
432 3860 456 3951 ξ
482 3863 509 3926 1.
543 3861 635 3947 Vulg.
670 3865 706 3935 ὡς
736 3862 783 3927 δὲ.
814 3874 836 3928 Β
867 3887 917 3940 τε,
948 3861 1034 3945 qnod
1061 3862 1130 3947 jam
1162 3863 1307 3948 sequenti
1336 3861 1454 3946 copula

186 3980 369 4048 damnatur.
404 3980 516 4048 Valla:
544 3981 678 4065 „Itaque
701 3980 786 4048 hunc
809 3982 842 4047 in
865 3981 994 4047 modum
1018 3985 1148 4048 senatus
1170 3980 1362 4066 prorepsit''.

228 4101 311 4166 Ibid.
337 4098 430 4184 Vulg.
454 4101 479 4165 οἱ
501 4099 530 4164 δὲ
554 4101 802 4180 responderes,
835 4112 856 4165 B
880 4101 1042 4181 τροοοκόονοο.
1065 4101 1113 4166 De
1135 4099 1286 4167 Vaticani
1307 4099 1452 4165 lectionis

186 4218 269 4286 falsa
300 4222 420 4284 natura
449 4238 542 4284 nemo
574 4217 716 4301 dubitat;
740 4240 845 4304 neque
867 4225 976 4286 tamen
998 4219 1143 4304 equidem
1168 4218 1331 4304 vulgatam
1353 4219 1452 4287 since·

184 4359 254 4411 rem
289 4339 388 4429 duco,
422 4339 641 4430 praemonitus
674 4339 787 4410 Vallae
818 4341 1099 4426 interpretatione,
1130 4340 1163 4406 in
1187 4359 1252 4431 qna
1274 4339 1451 4424 τετροονόοοοο
