3098 4988
675 334 719 399 53

60 575 94 638 et
124 570 371 651 commeatum'’‚
401 569 530 637 Reislrio
553 570 586 636 in
609 576 760 654 promptu
783 568 844 636 fnit
866 590 926 655 pro
949 568 1034 634 data
1056 570 1223 637 restituere
1248 567 1333 648 ἅμα,

61 688 152 774 qnod
175 710 285 757 omncs
309 689 448 757 editores
471 696 663 775 receperunt
679 689 715 774 1).

106 807 131 898 ξ
154 810 184 875 7.
208 808 301 894 Vulg.
324 811 357 876 τὸ
380 810 410 875 tt
434 806 556 887 ξύμπαν
578 813 691 887 γνῶτε,
714 819 737 872 Β
760 832 808 872 τε.
847 807 897 872 Ex
919 806 1015 874 Valla
1037 807 1117 874 nihil
1139 809 1302 876 discimun

107 927 189 995 Ibid.
220 926 314 1013 Vulg.
353 927 414 992 ὅσα
445 926 482 993 ἂν
513 925 682 999 σωίείντε
712 925 745 995 Β,
770 945 898 1010 quoque
926 923 1009 993 falso
1040 926 1272 1004 detrectatores
1287 929 1333 1012 2),

66 1066 140 1112 cum
163 1047 280 1111 σινίεῑτε
306 1043 348 1112 sit
372 1043 583 1112 scribendum.
619 1042 729 1112 Valla:
753 1043 787 1110 in
810 1064 874 1128 qno
898 1044 977 1112 salvi
1001 1065 1073 1114 esse
1096 1045 1257 1132 possitis”.

107 1283 215 1368 Caput
246 1282 288 1349 78
320 1280 345 1371 ξ
376 1283 408 1350 2.
445 1282 537 1367 Vulg.
570 1282 604 1348 τί
636 1283 660 1348 δ’
690 1283 792 1364 ἐχώρει
822 1285 851 1349 ἐν
880 1282 1059 1364 διτλασίῳ
1088 1286 1270 1364 τεταγμένον
1301 1284 1334 1350 τὸ

62 1405 182 1477 Νικίαν.
219 1402 399 1483 ἕφετίμενιν
433 1401 462 1465 δὲ
497 1401 530 1466 τί
561 1402 770 1478 Δημοσθένους.
816 1415 837 1468 Β
871 1402 903 1468 τί
935 1403 965 1467 δὲ
992 1403 1092 1485 ἐχώρει
1123 1407 1153 1469 ἐν
1176 1407 1333 1485 τλαισίῳ

61 1521 264 1605 τεταγμένον,
295 1526 426 1602 πρῶτον
456 1518 519 1596 μὲν
543 1520 737 1597 ἡγούμενον
759 1521 792 1585 τί
817 1522 934 1597 Νικίαν,
960 1522 1139 1604 ἕΦεττίαενσν
1162 1522 1190 1587 δὲ
1216 1523 1249 1588 τί
1273 1535 1334 1598 Δη-

63 1640 227 1717 μοσθένους.
273 1636 353 1703 Cum
383 1637 528 1718 tanaceto
558 1637 654 1721 plane
678 1637 847 1723 displiceat
869 1637 999 1705 dubium
1023 1638 1145 1705 nullum
1168 1647 1231 1720 est,
1256 1640 1334 1725 quin

63 1757 153 1824 solus
184 1756 211 1822 B
242 1775 349 1822 veram
380 1755 526 1822 retulerit
556 1754 721 1841 scriptoris
754 1777 883 1822 manum
914 1757 947 1823 τὸ
974 1756 1005 1822 δὲ
1028 1758 1129 1839 ἐχώρει
1153 1759 1182 1823 ἕν
1203 1760 1332 1840 πλαισίῳ

65 1876 248 1953 τεταγμένον
274 1873 453 1959 „quadrato
477 1873 603 1960 agmine
625 1872 747 1955 ibant’',
770 1878 807 1940 nt
829 1875 1060 1959 interpretatur
1083 1875 1186 1944 Valla.

111 1994 203 2074 Quod
228 1999 334 2061 autem
358 1994 385 2060 B
408 1992 450 2060 ab
474 1993 622 2060 omnibus
645 1993 734 2061 libris
757 1994 909 2061 recedens
933 2003 1008 2062 ante
1030 1998 1064 2061 τὸ
1085 1997 1185 2062 Νικίαν
1200 1996 1336 2064 inseruit

66 2120 177 2194 πρῶτον
211 2113 267 2190 μὲν
302 2110 473 2190 ἡγούμενον,
511 2112 602 2178 valde
636 2110 757 2178 dubito.
803 2112 959 2196 Equidem
998 2112 1096 2181 verba
1136 2119 1246 2196 πρῶτον
1281 2115 1335 2192 μὲν

66 2230 225 2313 ἡγούμενον
251 2231 284 2296 τί
306 2232 425 2318 Νικίαν,
458 2230 638 2313 ἕφετιίμενσν
660 2230 690 2294 tt
712 2228 745 2295 τὸ
768 2231 964 2308 Δνμσσίίνσνς
989 2231 1100 2318 apuria
1122 2231 1213 2300 duco.
1251 2230 1334 2300 Gon·

67 2356 132 2418 stat
161 2351 196 2416 ni
218 2349 314 2421 fallor
335 2350 445 2418 Niciae
469 2356 501 2416 et
525 2348 764 2430 Demosthenis,
795 2348 829 2415 id
852 2354 901 2416 est
923 2355 1043 2428 totum,
1073 2350 1246 2416 exercitum
1269 2351 1334 2418 iter

65 2468 180 2536 fecisse
213 2468 339 2554 agmine
373 2467 549 2552 quadrato:
586 2468 747 2552 quomodo
781 2468 878 2552 igitur
911 2467 982 2535 fieri
1016 2470 1121 2554 potuit
1150 2475 1187 2535 ut
1223 2469 1335 2538 Niciae

67 2607 183 2673 agmen
214 2586 367 2667 anteiret,
397 2586 624 2653 Demosthenis
656 2590 763 2653 antem
787 2590 997 2672 sequeretur?
1032 2586 1156 2654 Deinde
1182 2587 1336 2656 confiteor

66 2706 144 2773 mihi
166 2706 371 2792 perspicuum
393 2726 458 2771 non
482 2725 551 2771 esee
574 2704 733 2789 quomodo
754 2703 824 2772 fleri
840 2706 996 2790 potuerit,
1020 2712 1057 2773 ut
1073 2706 1210 2792 scriptor
1225 2707 1335 2791 loque-

66 2830 156 2892 retur
179 2824 219 2892 de
242 2824 354 2892 Niciae
377 2824 519 2890 exercitu
542 2827 575 2889 et
597 2823 838 2902 Demosthenis3
863 2844 1021 2909 nusquam
1045 2825 1129 2891 enim
1146 2826 1186 2893 de
1202 2826 1335 2894 diversis

67 2945 233 3029 utriusque
268 2943 359 3010 ducis
393 2943 494 3029 copiis
530 2963 633 3010 sermo
668 2941 715 3010 fit.
761 2943 896 3028 Accedit
930 2950 967 3011 ut
1001 2944 1093 3012 nihili
1127 2965 1192 3012 non
1226 2950 1335 3032 putem

66 3063 248 3130 faciendum
271 3084 340 3130 esse
364 3067 397 3129 et
418 3061 505 3147 apud
527 3060 670 3138 Veliam,
703 3061 780 3128 alibi
806 3059 955 3128 Vaticani
982 3068 1192 3142 sectatorem,
1223 3070 1259 3130 nt
1290 3065 1336 3131 ait

67 3182 189 3267 Poppo‚
211 3182 309 3249 verba
331 3184 441 3263 πρῶτον
463 3182 517 3259 μὲν
541 3181 700 3259 ἡγούμενον
722 3202 788 3248 non
810 3181 952 3267 agnosci.
988 3182 1041 3247 Me
1052 3181 1163 3267 judice
1180 3181 1336 3250 damnata

67 3302 164 3369 verba
197 3302 351 3388 originem
386 3306 502 3386 petunt
531 3300 572 3367 ab
603 3300 793 3386 interprete,
826 3301 882 3384 qui
913 3302 1052 3368 monitus
1076 3323 1101 3368 c.
1125 3301 1169 3367 80
1192 3299 1217 3390 ξ
1239 3302 1262 3366 4
1284 3303 1334 3367 καὶ

67 3421 101 3487 τὸ
131 3422 184 3500 μὲν
215 3422 317 3488 Νικίαν
347 3421 538 3506 στριίτενμα,
570 3418 664 3500 ὥσπερ
696 3423 814 3497 ἡγεῖτο,
845 3418 980 3498 ξννὲαενε
1015 3441 1164 3507 perverse
1195 3420 1336 3489 abeundi

67 3541 204 3626 agminis
227 3519 386 3608 rationem
410 3538 592 3625 adscripsit.

111 3658 194 3727 Ibid.
219 3658 313 3745 Vulg.
338 3658 517 3742 ἐφεσίαεννν
540 3678 615 3724 vera
637 3656 764 3740 forma,
788 3656 815 3721 Β
839 3658 987 3735 ἐτίμενσν.

112 3777 192 3844 Ibid.
215 3776 308 3862 Vulg.
330 3783 418 3844 recte
441 3777 488 3841 ἔτ’
511 3779 601 3858 αὐτῷ,
626 3788 647 3841 Β
671 3779 700 3841 ἕν
723 3777 813 3858 αὐτῷ.
850 3775 957 3842 Valla:
985 3774 1097 3858 „illio'’.

111 3896 195 3963 Ibid.
218 3895 308 3980 vulg.
331 3892 511 3976 ξυμμάχων.
545 3893 573 3959 Β
596 3914 767 3979 perperam
789 3894 881 3962 addit
903 3896 1084 3963 articulum.

103 4209 132 4275 1)
149 4210 181 4261 ot.
198 4225 221 4262 c.
239 4207 272 4261 79
289 4209 302 4276 5
318 4209 347 4275 3,
366 4209 412 4261 uti
434 4209 509 4260 Valla
531 4206 628 4272 ’ίτνχσν
651 4207 678 4258 δὲ
701 4207 745 4260 καί
767 4210 875 4272 βρονταί
887 4225 952 4269 τινες
972 4209 1038 4272 ίίμα
1057 4209 1189 4272 γενόμεναι
1206 4207 1250 4258 καί
1267 4206 1333 4271 ὕδωρ

67 4306 142 4357 hisce
159 4306 249 4357 latinis
260 4305 408 4370 expressit:
425 4318 526 4370 „quum
544 4305 699 4368 praesertim
717 4304 862 4356 existerent
879 4305 998 4357 tonitrua
1015 4306 1149 4370 pariter
1165 4309 1192 4355 et
1209 4303 1335 4357 imbres'’.

103 4401 131 4468 ν)
148 4399 189 4452 De
206 4400 327 4452 Vaticani
344 4399 422 4451 verbo
439 4399 582 4464 composito
599 4399 632 4453 cf.
649 4399 729 4464 praei.
747 4414 804 4466 pap.
822 4397 892 4454 vill.

1525 4240 1536 4285 ί
