3098 4988
814 317 857 385 70

203 562 301 629 velint
331 562 430 628 verba
459 562 499 626 τα
529 560 618 625 λοιπαὶ
649 558 760 642 διῴκουν
791 561 844 632 τήν
873 560 967 636 πόλιν,
999 560 1033 625 in
1061 558 1180 643 quibus
1204 561 1333 627 omnino
1358 561 1472 626 eadem

202 683 286 748 inest
308 680 412 758 notio,
437 681 576 764 quaein
599 687 748 760 κατεῖχον.
784 677 879 745 Valla
901 678 1090 745 vocabulum
1114 700 1178 744 non
1201 679 1319 746 reddit.

248 917 355 1002 Caput
376 919 419 983 22
443 923 463 1000 ξ
486 918 516 983 2.
538 915 629 1001 Vulg.
652 917 702 981 καὶ
725 918 757 981 αἱ
780 917 834 993 μὲν
857 923 920 990 νήει
943 917 1195 982 ααταπλεύσασαι
1211 916 1376 994 Μήθυμναν
1392 924 1469 997 πρῶ-

202 1061 250 1103 τον
271 1039 438 1118 αφιστιῖσι,
462 1035 578 1120 quibus
601 1035 628 1100 B
652 1035 744 1102 addit
765 1037 815 1100 καὶ
839 1037 1072 1101 καταλείπονται
1091 1036 1229 1115 τέσσαρες
1246 1043 1309 1110 νήει
1325 1037 1355 1100 ἐν
1371 1039 1465 1118 αὐτῇ·

201 1158 251 1221 καὶ
276 1153 354 1228 αὖθις
378 1157 409 1219 αἱ
432 1155 532 1221 λοιπαὶ
556 1156 726 1231 Μυτιλήνήν
747 1155 922 1236 ιἰφιστασιν,
946 1175 1044 1239 quae,
1067 1160 1104 1222 ut
1123 1156 1192 1240 jam
1208 1155 1326 1241 probat
1342 1161 1468 1238 πρῶτον,

202 1275 270 1342 sine
304 1275 401 1340 dubio
436 1275 562 1341 sineere
596 1273 744 1340 ducende
775 1279 849 1340 sunt
879 1275 984 1341 verba.
1029 1275 1139 1341 Priore
1162 1295 1239 1341 vore
1261 1276 1411 1357 νὲφιστᾶσι
1434 1276 1467 1340 in

201 1415 341 1463 errorem
382 1393 489 1461 scribo
521 1394 668 1479 inducto,
711 1394 898 1460 exciderunt
931 1415 987 1471 ea,
1022 1414 1105 1478 quae
1141 1396 1168 1461 B
1202 1394 1296 1461 nobis
1327 1396 1466 1462 servavit

195 1534 348 1599 -queeque
382 1512 522 1581 eVslla
556 1533 712 1598 expresse
746 1519 837 1580 sunt:
877 1512 1018 1594 „Quibus
1052 1513 1187 1580 navibus
1222 1512 1294 1579 (lbii
1328 1515 1465 1599 primum
1496 1563 1498 1568 ,

201 1633 418 1719 Methymnam
441 1641 520 1718 (qno
544 1634 632 1718 prius
656 1634 840 1718 pervenere)
863 1633 993 1709 deinde,
1018 1633 1179 1699 relictis
1203 1633 1267 1699 bio
1290 1639 1467 1717 quatuor

200 1751 369 1819 navibus
400 1735 621 1838 Mytilenen
644 1753 733 1837 (quo
757 1772 840 1818 oum
865 1752 1041 1818 caeteris
1064 1752 1233 1819 navibus
1254 1753 1466 1838 venerunt)

200 1871 248 1938 ad
271 1871 543 1937 deficiendum
566 1869 793 1955 impulere.''

242 2110 350 2195 Caput
371 2111 415 2175 23
437 2108 507 2199 §L
531 2110 622 2194 Vulg.
645 2115 822 2194 Κεγχρειῶν,
842 2115 1045 2190 ΒΚεγχρεῶν.
1069 2109 1180 2177 Valle:
1204 2130 1242 2191 „e
1258 2108 1464 2178 Cenchreis.''

241 2233 262 2310 ξ
286 2229 315 2293 2.
344 2226 493 2311 Plerique
515 2227 670 2293 librorum
693 2226 844 2294 exhibent
866 2227 1088 2294 soloecismum
1115 2227 1164 2291 καὶ
1188 2228 1364 2307 προσλαβὼν
1391 2228 1466 2293 xlm

196 2349 382 2434 ναυμαχίαν,
414 2369 486 2414 omn
516 2369 598 2415 unus
629 2348 678 2414 vel
707 2346 845 2415 fortasse
876 2347 939 2414 duo
963 2347 1089 2414 oodioes
1112 2368 1219 2414 rerem
1243 2348 1377 2436 tradant
1400 2349 1467 2415 leo·

195 2468 314 2535 tionem
341 2468 391 2531 καὶ
415 2468 590 2548 προσλαβὼν
614 2468 687 2533 Χιαν
711 2473 780 2532 ναῦν
802 2467 889 2551 μίαν,
920 2467 1007 2550 quod
1035 2471 1168 2552 propter
1195 2487 1308 2533 sonum
1336 2472 1465 2551 gratum

196 2593 429 2673 anteponamus
461 2591 589 2672 oportet
620 2588 693 2652 xlav
722 2588 795 2664 μίαν
825 2593 895 2651 ναῦν
925 2607 965 2652 ex
994 2586 1030 2651 B.
1076 2587 1124 2652 De
1154 2587 1322 2653 verborum
1351 2585 1464 2652 ordine

194 2706 274 2772 nihil
296 2727 356 2791 pro
381 2711 469 2772 certo
491 2726 531 2772 ex
553 2704 648 2772 Vella
671 2705 787 2771 deduci
811 2705 931 2790 possit;
954 2725 1151 2789 quamquem
1167 2726 1232 2773 non
1248 2705 1331 2772 vidit
1346 2730 1463 2784 ναυμα-

194 2827 267 2907 χίαν
293 2831 443 2911 „sumpte
464 2846 530 2891 nna
553 2826 627 2892 navi
650 2823 757 2890 Chia?

7 2950 163 3043 Μανία
237 2945 318 3011 Ibid.
349 2944 441 3030 Vulg.
472 2943 513 3010 ὅτι
546 2947 563 3020 ή
591 2945 745 3021 Μυτιλήνή
871 2944 1010 3009 ἑήλιυκε
1033 2965 1054 3010 a
1077 2944 1201 3011 Stahlio
1225 2948 1397 3011 servatum.
1432 2944 1460 3008 B

5 3040 157 3118 mem
192 3061 280 3128 ἕήλα.
303 3062 413 3129 Vellet
440 3062 577 3142 „certior
598 3060 635 3126 fit
658 3061 832 3147 Mytilenen
956 3083 1026 3128 esse
1050 3059 1207 3147 ceptam.’'

237 3180 312 3263 §4-
342 3180 432 3265 Vulg.
462 3181 512 3246 καὶ
543 3182 609 3255 τοὺς
639 3181 699 3246 ἀπὸ
730 3187 786 3247 τῶν
812 3184 916 3247 ἑαυτοῦ
941 3186 1007 3245 νεῶν
1030 3182 1155 3252 ὁπλίτας
1179 3180 1252 3261 πεζή
1277 3180 1460 3260 παρέπλει

191 3299 239 3364 ἐπὶ
269 3301 321 3374 τήν
339 3299 502 3364 ’Άντισσαν
525 3300 574 3363 καὶ
597 3300 759 3376 Μήθυμναν
880 3300 1006 3365 Nemini
1029 3301 1160 3366 dubium
1183 3301 1261 3379 erit,
1295 3302 1374 3386 quin
1397 3323 1457 3387 pro

190 3417 304 3484 insano
334 3417 478 3498 παρέπλει
523 3418 550 3483 Β
580 3426 667 3485 reete
698 3418 819 3485 scribat
842 3419 1054 3505 παραπέμπει,
1087 3419 1227 3486 aValla
1250 3440 1379 3504 quoque
1401 3440 1455 3487 ex·

189 3557 336 3621 pressum
363 3543 524 3619 „armatos
547 3537 692 3604 terrestri
714 3536 826 3604 itinere
850 3536 1056 3606 transmisit'.
1084 3537 1236 3606 Nonnulli
1257 3537 1332 3603 libri
1353 3539 1452 3624 paulo

190 3653 275 3721 infra
305 3661 380 3739 post
410 3655 553 3736 παρέπλει
583 3661 734 3740 repetunt
763 3658 810 3721 ἐπὶ
834 3659 885 3731 τήν
903 3658 1067 3723 ’Ἄντισσαν
1092 3659 1142 3722 καὶ
1166 3658 1346 3736 Μήήυμναν,
1371 3679 1453 3743 quae

190 3775 308 3842 iterata
329 3774 429 3840 verbs
451 3774 621 3859 languent,
648 3796 753 3860 neque
775 3776 809 3841 in
831 3777 857 3842 B
881 3781 1018 3843 exstent.
1061 3769 1199 3861 'Opinari
1222 3777 1359 3843 fortasse
1383 3778 1455 3862 quis

188 3895 294 3980 possit
316 3893 442 3961 Vellem
466 3893 578 3961 addita
601 3894 669 3960 sine
692 3916 790 3962 cause
811 3896 908 3962 verba
926 3895 1070 3963 indiosre
1086 3916 1165 3962 voce
1184 3895 1315 3977 „eodem
1324 3895 1353 3976 ,”
1370 3899 1455 3982 quod

188 4019 296 4081 tamen
320 4012 506 4081 adverbium
529 4035 579 4080 me
598 4013 706 4098 judice
729 4015 897 4099 interpreti
920 4015 1102 4081 necessario
1129 4014 1348 4100 usurpandum
1372 4016 1451 4102 luit,

190 4155 261 4200 oum
295 4133 329 4199 in
367 4133 475 4199 latinis
511 4132 640 4217 quidem
674 4138 815 4218 nequeat
849 4134 963 4200 abesse
1000 4131 1167 4213 „eodem'':
1205 4134 1294 4219 „ipse
1325 4154 1454 4219 quoque

191 4250 305 4320 e'odem
327 4274 400 4320 eum
422 4251 558 4320 navibus
580 4251 646 4319 suis
668 4274 707 4320 ao
730 4251 834 4320 tribus
858 4251 945 4319 Chiis
968 4252 1038 4318 vela
1060 4250 1165 4333 feeit,''

231 4368 256 4460 ξ
279 4370 309 4438 5.
334 4370 427 4459 Vulg.
448 4373 623 4443 senium
643 4372 695 4422 τήν
713 4371 820 4441 imos
833 4371 959 4459 στρατὸν
972 4371 1146 4452 ἀναλαβὼν,
1163 4377 1277 4453 Βαυῒθ
1291 4375 1454 4456 ἀναλαβών
