3098 4988
674 350 718 417 55

101 585 126 680 ξ
158 588 189 654 4.
221 587 314 674 Vulg.
345 589 578 669 αποτεοχοῦντας
613 591 645 654 ἐκ
676 594 727 654 τοῦ
757 587 885 664 ὄπισθεν,
914 600 1025 654 Bnen
1048 587 1132 653 male
1154 593 1230 670 poet
1253 586 1328 650 απο-

56 711 232 788 τενχοῦντας
265 706 379 773 inserit
412 704 468 789 αὖ,
502 705 590 790 quod
622 713 729 773 autem
760 725 869 772 annon
901 725 923 771 a
954 704 1111 790 scriptore
1133 705 1205 791 ipso
1229 704 1330 771 ducat

56 827 232 911 originem,
276 825 458 893 subdubito.
504 824 599 891 Valla
631 825 664 890 in
699 825 862 892 vocabulis
897 824 1073 891 minoribus
1108 822 1327 909 exprimendis

56 966 190 1030 operam
213 945 321 1030 posuit
344 945 425 1011 satis
449 965 582 1030 parvam
600 944 634 1028 ¹).
1232 944 1236 949 ”

99 1061 124 1152 §
155 1063 188 1133 5.
223 1062 317 1148 Vulg.
352 1064 433 1140 μετὰ
464 1063 493 1127 δὲ
523 1067 662 1140 ταῦτα,
693 1073 716 1127 Β
746 1065 828 1140 μετὰ
858 1062 887 1128 δὲ
915 1067 1032 1127 τοῦτο.
1078 1059 1173 1128 Valle
1196 1060 1328 1127 liberius

58 1179 185 1262 „mom”

102 1416 209 1501 Caput
231 1414 320 1506 8οξ
347 1419 375 1481 l.
411 1416 503 1503 vulg.
534 1418 632 1493 ἐπειδὴ
662 1423 758 1490 κακῶς
788 1417 873 1499 edict
905 1417 937 1482 sl
967 1416 1141 1495 στράτευμα
1174 1412 1240 1496 εἶχε
1273 1421 1336 1481 τῶν·

56 1561 95 1600 τε
118 1535 284 1610 ἐπιτηδείων
306 1537 423 1601 πάντων
450 1536 556 1620 νὀπορίρο
579 1536 630 1612 ἤδη
653 1536 703 1602 καὶ
726 1536 1091 1617 κατατετρανματοτμένον
1115 1530 1189 1609 ἦσαν
1212 1536 1327 1600 πολλοὶ.

55 1652 247 1730 Vaticanus,
280 1654 336 1738 qui
367 1653 497 1739 saepius
529 1652 628 1721 multo
660 1653 814 1721 minorem
845 1654 886 1722 ob
919 1675 1052 1722 causam
1083 1654 1243 1722 addiderit
1275 1680 1328 1732 τε,

55 1771 109 1837 hic
138 1770 274 1856 negligit
305 1772 470 1857 copulem,
502 1776 644 1839 attamen
674 1773 810 1859 injuria,
845 1794 917 1839 cum
941 1779 997 1838 τῶν
1021 1772 1186 1848 ἐπιτηδείων
1210 1773 1328 1838 πάντων

55 1890 163 1972 οὶπορίρο
185 1894 218 1956 et
240 1889 604 1971 κατατετρανματοτμένοο
628 1886 702 1967 ἦσαν
725 1889 828 1956 πολλοὶ
851 1894 938 1958 recte
960 1890 1045 1956 inter
1068 1910 1102 1957 ee
1125 1892 1326 1976 conjungunt

57 2009 237 2094 particulae
267 2010 380 2076 τε-καο.
427 2009 543 2095 Opinio
574 2010 659 2077 enim
687 2009 850 2089 Classeni,
880 2009 1024 2078 docentis
1048 2011 1098 2075 καὶ
1122 2033 1328 2091 κατατετραν-

57 2129 231 2207 ματιομένον
256 2126 560 2207 ἦσαν-γεγενημέναις
582 2149 648 2196 non
671 2129 811 2215 pendere
834 2151 855 2198 a
878 2129 1102 2215 conjunctione
1125 2129 1241 2208 ἐπειδή,
1272 2127 1329 2195 sed

58 2248 92 2313 in
128 2249 315 2333 parenthesi
346 2248 528 2334 ponendum
560 2268 648 2335 esse,
681 2249 722 2315 ad
753 2249 946 2317 Vaticanum
975 2248 1129 2317 tuendum
1151 2247 1230 2316 ficta
1252 2246 1330 2313 mihi

60 2366 204 2452 ridetur,
228 2367 418 2452 praesertim
434 2389 506 2434 cum
522 2367 634 2446 Valla,
660 2368 716 2453 qui
731 2367 809 2435 alibi
823 2368 963 2436 fortasse
978 2368 1137 2436 interdum
1153 2393 1186 2434 τε
1202 2366 1327 2446 omisit,

58 2488 170 2551 nostro
193 2483 265 2551 loco
288 2484 493 2570 expresserit.

102 2602 186 2671 Ibid.
210 2603 303 2689 Vulg.
326 2605 504 2691 καύσαντες,
528 2617 551 2670 Β
574 2605 745 2678 καύσαντας
768 2605 854 2689 quod
876 2603 997 2688 recepit
1020 2603 1264 2670 Herwerdenua

102 2719 127 2810 ξ
151 2722 180 2786 2.
211 2719 302 2806 Vulg.
334 2723 416 2787 κατὰ
448 2723 564 2803 θάτερον
594 2723 700 2805 μέρος
723 2731 776 2799 τῆς
800 2723 948 2795 Σικελίας.
997 2720 1197 2789 Vocabulum
1220 2721 1325 2804 μέρος,

59 2860 122 2923 quo
154 2860 219 2906 non
249 2838 387 2907 libenter
419 2863 490 2907 cum
521 2854 543 2907 Β
574 2861 738 2919 caremus,
770 2839 865 2908 Valla
895 2840 990 2907 vertit
1016 2861 1076 2926 per
1100 2838 1248 2921 ‚,oram”:
1275 2839 1329 2919 „in

59 2958 226 3024 adversam
249 2979 382 3044 prorsus
406 2959 535 3027 Siciliae
558 2959 679 3027 oram''.

103 3072 128 3163 ξ
159 3075 189 3141 4.
220 3075 315 3162 Vulg.
345 3077 379 3143 sl
402 3077 490 3154 ἥμισυ
513 3079 735 3156 μάλιστακαὶ
758 3079 797 3144 τὸ
820 3077 941 3143 πλέον.
977 3076 1055 3142 Βτὸ
1078 3075 1167 3154 ἥμισυ
1192 3074 1330 3151 μάλιστα

60 3194 120 3259 καὶ
151 3194 276 3278 πλέον,
299 3193 394 3260 lectio
417 3196 645 3280 praestantior.
687 3196 802 3263 Vallae
824 3217 889 3262 non
914 3195 1133 3281 cognoscimus
1156 3194 1326 3261 lectionem

60 3312 213 3379 vertentis
239 3316 295 3398 „at
318 3311 636 3381 Demosthenicarum
659 3315 825 3381 dimidium
848 3334 930 3401 peno
953 3334 992 3379 ae
1016 3313 1119 3398 major
1136 3333 1212 3397 pars
1231 3313 1330 3379 inter·

59 3439 157 3519 rupta
180 3430 260 3500 est”.

106 3558 126 3636 ξ
151 3553 179 3618 5.
211 3552 302 3637 Vulg.
327 3553 423 3628 ἐπειδὴ
446 3553 571 3630 γένοιντο
593 3552 694 3632 παρὰ
716 3555 757 3633 τῷ
780 3556 905 3632 ποταμῷ
929 3555 969 3634 τῷ
993 3552 1179 3636 Κακνποὶρεν,
1203 3565 1224 3618 Β
1249 3552 1328 3628 ἐπὶ,

61 3671 149 3756 quod
179 3671 219 3738 ob
251 3692 388 3755 sequens
411 3672 493 3752 παρὰ
517 3675 671 3757 praestat.
718 3671 813 3738 Valla
836 3693 895 3738 nos
919 3672 998 3737 nihil
1022 3672 1117 3738 docet
1145 3691 1262 3755 „quum
1287 3669 1330 3736 ad

61 3789 251 3876 anyparim
273 3788 403 3856 fluvium
427 3788 662 3857 devenissent”.

106 3907 188 3975 Ibid.
212 3908 239 3973 B
263 3908 312 3974 δαὶ
337 3918 391 3983 τῆς
414 3908 584 3987 μεσογείας.
618 3906 762 3975 Articulo
786 3911 894 3975 autem
916 3928 997 3993 opus
1021 3913 1167 3976 nonest.

107 4029 189 4096 Ibid.
205 4029 297 4116 Vulg.
321 4031 539 4112 μετέπεμψαν,
564 4043 586 4095 Β
602 4030 855 4109 assentatorum,
875 4030 961 4114 qued
978 4029 1174 4096 recentiores
1189 4028 1327 4094 editores

61 4154 263 4234 receperunt.
310 4148 419 4217 Valla:
445 4170 526 4235 quos
550 4149 788 4218 arcersissent'’.

96 4416 125 4482 l)
142 4416 175 4469 cf.
192 4417 272 4482 praef.
290 4430 347 4482 pag.
366 4413 410 4466 Vl.
