<?xml version="1.0" encoding="UTF-8"?>
<!DOCTYPE html PUBLIC "-//W3C//DTD XHTML 1.0 Transitional//EN"
    "http://www.w3.org/TR/xhtml1/DTD/xhtml1-transitional.dtd">
<html xmlns="http://www.w3.org/1999/xhtml" xml:lang="en" lang="en">
 <head>
  <title>
</title>
<meta http-equiv="Content-Type" content="text/html;charset=utf-8" />
  <meta name='ocr-system' content='tesseract 3.04.00' />
  <meta name='ocr-capabilities' content='ocr_page ocr_carea ocr_par ocr_line ocrx_word'/>
</head>
<body>
  <div class='ocr_page' id='page_1' title='image "./dethucydidisvat00vallgoog_0150.png"; bbox 0 0 3098 4988; ppageno 0'>
   <div class='ocr_carea' id='block_1_1' title="bbox 744 331 862 399">
    <p class='ocr_par' dir='ltr' id='par_1_1' title="bbox 744 331 862 399">
     <span class='ocr_line' id='line_1_1' title="bbox 744 331 862 399; baseline -0.017 -1"><span class='ocrx_word' id='word_1_1' title='bbox 744 331 862 399; x_wconf 88' lang='grc'>,100</span> 
     </span>
    </p>
   </div>
   <div class='ocr_carea' id='block_1_2' title="bbox 188 567 1469 3032">
    <p class='ocr_par' dir='ltr' id='par_1_2' title="bbox 195 567 1469 772">
     <span class='ocr_line' id='line_1_2' title="bbox 195 567 1469 647; baseline 0.002 -13"><span class='ocrx_word' id='word_1_2' title='bbox 195 589 259 636; x_wconf 91' lang='lat' dir='ltr'><strong>non</strong></span> <span class='ocrx_word' id='word_1_3' title='bbox 289 568 428 634; x_wconf 92' lang='lat' dir='ltr'><strong>relatum</strong></span> <span class='ocrx_word' id='word_1_4' title='bbox 459 571 519 634; x_wconf 87' lang='lat' dir='ltr'><strong>est.</strong></span> <span class='ocrx_word' id='word_1_5' title='bbox 555 568 711 647; x_wconf 81' lang='lat' dir='ltr'><strong>Quocirca</strong></span> <span class='ocrx_word' id='word_1_6' title='bbox 740 568 910 634; x_wconf 88' lang='lat' dir='ltr'><strong>lectionem</strong></span> <span class='ocrx_word' id='word_1_7' title='bbox 942 567 1082 635; x_wconf 87' lang='lat' dir='ltr'><strong>auctoris</strong></span> <span class='ocrx_word' id='word_1_8' title='bbox 1104 588 1212 635; x_wconf 81' lang='lat' dir='ltr'><strong>veram</strong></span> <span class='ocrx_word' id='word_1_9' title='bbox 1236 589 1369 635; x_wconf 88' lang='lat' dir='ltr'><strong>manum</strong></span> <span class='ocrx_word' id='word_1_10' title='bbox 1393 589 1469 636; x_wconf 90' lang='lat' dir='ltr'><strong>esse</strong></span> 
     </span>
     <span class='ocr_line' id='line_1_3' title="bbox 195 687 727 772; baseline 0.002 -18"><span class='ocrx_word' id='word_1_11' title='bbox 195 693 275 772; x_wconf 87' lang='lat' dir='ltr'><strong>puto</strong></span> <span class='ocrx_word' id='word_1_12' title='bbox 297 688 322 752; x_wconf 83' lang='lat' dir='ltr'><strong>oi</strong></span> <span class='ocrx_word' id='word_1_13' title='bbox 346 687 395 772; x_wconf 74' lang='grc' dir='ltr'><strong>δέ,</strong></span> <span class='ocrx_word' id='word_1_14' title='bbox 419 687 536 755; x_wconf 87' lang='lat' dir='ltr'><strong>omisso</strong></span> <span class='ocrx_word' id='word_1_15' title='bbox 559 688 727 755; x_wconf 87' lang='lat' dir='ltr'><strong>numerali.</strong></span> 
     </span>
    </p>

    <p class='ocr_par' dir='ltr' id='par_1_3' title="bbox 193 805 1467 1481">
     <span class='ocr_line' id='line_1_4' title="bbox 241 805 1467 895; baseline 0.002 -24"><span class='ocrx_word' id='word_1_16' title='bbox 241 805 322 872; x_wconf 90' lang='lat' dir='ltr'><strong>Ibid.</strong></span> <span class='ocrx_word' id='word_1_17' title='bbox 354 805 443 891; x_wconf 85' lang='lat' dir='ltr'><strong>Vulg.</strong></span> <span class='ocrx_word' id='word_1_18' title='bbox 472 807 512 872; x_wconf 79' lang='lat' dir='ltr'><strong>ret</strong></span> <span class='ocrx_word' id='word_1_19' title='bbox 543 807 567 872; x_wconf 76' lang='grc' dir='ltr'><strong>δ’</strong></span> <span class='ocrx_word' id='word_1_20' title='bbox 599 808 683 892; x_wconf 81' lang='lat' dir='ltr'><strong>(lege</strong></span> <span class='ocrx_word' id='word_1_21' title='bbox 714 808 761 895; x_wconf 91' lang='grc' dir='ltr'><strong>τε)</strong></span> <span class='ocrx_word' id='word_1_22' title='bbox 784 807 868 872; x_wconf 76' lang='grc' dir='ltr'><strong>ἄλλα</strong></span> <span class='ocrx_word' id='word_1_23' title='bbox 899 807 998 883; x_wconf 74' lang='grc' dir='ltr'><em>ἔνεμον</em></span> <span class='ocrx_word' id='word_1_24' title='bbox 1024 806 1118 871; x_wconf 77' lang='grc' dir='ltr'><em>κατα</em></span> <span class='ocrx_word' id='word_1_25' title='bbox 1141 806 1268 885; x_wconf 68' lang='grc' dir='ltr'><em>κράτος</em></span> <span class='ocrx_word' id='word_1_26' title='bbox 1292 809 1345 880; x_wconf 71' lang='grc' dir='ltr'><strong>τὴν</strong></span> <span class='ocrx_word' id='word_1_27' title='bbox 1368 807 1467 874; x_wconf 80' lang='grc' dir='ltr'><em>πόλιν.</em></span> 
     </span>
     <span class='ocr_line' id='line_1_5' title="bbox 193 924 1466 1010; baseline 0.002 -20"><span class='ocrx_word' id='word_1_28' title='bbox 193 924 301 990; x_wconf 81' lang='lat' dir='ltr'>Recte.</span> <span class='ocrx_word' id='word_1_29' title='bbox 341 924 562 1010; x_wconf 87' lang='lat' dir='ltr'><strong>„Imperioee&#39;&#39;,</strong></span> <span class='ocrx_word' id='word_1_30' title='bbox 587 925 693 1010; x_wconf 90' lang='lat' dir='ltr'><strong>inquit</strong></span> <span class='ocrx_word' id='word_1_31' title='bbox 716 925 830 1005; x_wconf 90' lang='lat' dir='ltr'><strong>Valla,</strong></span> <span class='ocrx_word' id='word_1_32' title='bbox 856 946 912 1007; x_wconf 85' lang='lat' dir='ltr'><strong>„se</strong></span> <span class='ocrx_word' id='word_1_33' title='bbox 932 925 1116 1010; x_wconf 83' lang='lat' dir='ltr'><strong>gerebant&#39;&#39;.</strong></span> <span class='ocrx_word' id='word_1_34' title='bbox 1152 924 1236 990; x_wconf 84' lang='lat' dir='ltr'><strong>Audi</strong></span> <span class='ocrx_word' id='word_1_35' title='bbox 1258 925 1466 992; x_wconf 80' lang='lat' dir='ltr'><strong>Glossennm:</strong></span> 
     </span>
     <span class='ocr_line' id='line_1_6' title="bbox 197 1043 1466 1129; baseline 0 -20"><span class='ocrx_word' id='word_1_36' title='bbox 197 1043 402 1124; x_wconf 88' lang='lat' dir='ltr'><strong>„erscheinen</strong></span> <span class='ocrx_word' id='word_1_37' title='bbox 425 1043 510 1110; x_wconf 92' lang='lat' dir='ltr'><strong>nach</strong></span> <span class='ocrx_word' id='word_1_38' title='bbox 533 1043 729 1110; x_wconf 87' lang='lat' dir='ltr'><strong>bekanntem</strong></span> <span class='ocrx_word' id='word_1_39' title='bbox 754 1043 1017 1129; x_wconf 84' lang='lat' dir='ltr'><strong>Sprachgebrach</strong></span> <span class='ocrx_word' id='word_1_40' title='bbox 1041 1043 1093 1110; x_wconf 83' lang='lat' dir='ltr'><strong>(lie</strong></span> <span class='ocrx_word' id='word_1_41' title='bbox 1116 1043 1243 1110; x_wconf 84' lang='lat' dir='ltr'><strong>Aeriste</strong></span> <span class='ocrx_word' id='word_1_42' title='bbox 1265 1043 1466 1124; x_wconf 77' lang='grc' dir='ltr'><em>ασέντειναν,</em></span> 
     </span>
     <span class='ocr_line' id='line_1_7' title="bbox 193 1161 1467 1249; baseline 0.002 -22"><span class='ocrx_word' id='word_1_43' title='bbox 193 1162 314 1240; x_wconf 76' lang='grc' dir='ltr'><em>ἔδησαν,</em></span> <span class='ocrx_word' id='word_1_44' title='bbox 353 1165 574 1241; x_wconf 72' lang='grc' dir='ltr'><em>μετεστήσαντο</em></span> <span class='ocrx_word' id='word_1_45' title='bbox 604 1162 653 1229; x_wconf 88' lang='lat' dir='ltr'><strong>als</strong></span> <span class='ocrx_word' id='word_1_46' title='bbox 686 1163 738 1229; x_wconf 88' lang='lat' dir='ltr'><strong>die</strong></span> <span class='ocrx_word' id='word_1_47' title='bbox 761 1162 933 1247; x_wconf 92' lang='lat' dir='ltr'><strong>speciellen</strong></span> <span class='ocrx_word' id='word_1_48' title='bbox 956 1161 1203 1247; x_wconf 81' lang='lat' dir='ltr'><strong>Ausfiihrungen</strong></span> <span class='ocrx_word' id='word_1_49' title='bbox 1228 1163 1283 1229; x_wconf 88' lang='lat' dir='ltr'><strong>des</strong></span> <span class='ocrx_word' id='word_1_50' title='bbox 1311 1164 1467 1249; x_wconf 84' lang='lat' dir='ltr'><strong>algomei-</strong></span> 
     </span>
     <span class='ocr_line' id='line_1_8' title="bbox 193 1280 1467 1366; baseline 0.002 -20"><span class='ocrx_word' id='word_1_51' title='bbox 193 1301 258 1347; x_wconf 89' lang='lat' dir='ltr'><strong>nen</strong></span> <span class='ocrx_word' id='word_1_52' title='bbox 287 1281 385 1360; x_wconf 80' lang='grc' dir='ltr'><em>ἔνεμον</em></span> <span class='ocrx_word' id='word_1_53' title='bbox 408 1284 488 1347; x_wconf 75' lang='grc' dir='ltr'><strong>κατὰ</strong></span> <span class='ocrx_word' id='word_1_54' title='bbox 511 1283 614 1363; x_wconf 69' lang='grc' dir='ltr'><em>κράτος</em></span> <span class='ocrx_word' id='word_1_55' title='bbox 637 1284 688 1357; x_wconf 69' lang='grc' dir='ltr'><strong>τὴν</strong></span> <span class='ocrx_word' id='word_1_56' title='bbox 715 1280 826 1347; x_wconf 50' lang='lat' dir='ltr'><strong>alacri</strong></span> <span class='ocrx_word' id='word_1_57' title='bbox 873 1280 1047 1348; x_wconf 74' lang='lat' dir='ltr'><strong>Vaticanus</strong></span> <span class='ocrx_word' id='word_1_58' title='bbox 1069 1281 1167 1366; x_wconf 87' lang='lat' dir='ltr'><strong>igitur</strong></span> <span class='ocrx_word' id='word_1_59' title='bbox 1190 1283 1374 1364; x_wconf 84' lang='lat' dir='ltr'><strong>sequendus</strong></span> <span class='ocrx_word' id='word_1_60' title='bbox 1397 1304 1467 1351; x_wconf 91' lang='lat' dir='ltr'><strong>non</strong></span> 
     </span>
     <span class='ocr_line' id='line_1_9' title="bbox 195 1400 686 1481; baseline 0.004 -15"><span class='ocrx_word' id='word_1_61' title='bbox 195 1405 261 1479; x_wconf 87' lang='lat' dir='ltr'><strong>est,</strong></span> <span class='ocrx_word' id='word_1_62' title='bbox 285 1400 372 1468; x_wconf 87' lang='lat' dir='ltr'><strong>solus</strong></span> <span class='ocrx_word' id='word_1_63' title='bbox 397 1400 548 1468; x_wconf 88' lang='lat' dir='ltr'><strong>omittens</strong></span> <span class='ocrx_word' id='word_1_64' title='bbox 573 1401 686 1481; x_wconf 72' lang='grc' dir='ltr'><em>κράτος.</em></span> 
     </span>
    </p>

    <p class='ocr_par' dir='ltr' id='par_1_4' title="bbox 193 1517 1466 1842">
     <span class='ocr_line' id='line_1_10' title="bbox 237 1517 1466 1608; baseline 0.001 -25"><span class='ocrx_word' id='word_1_65' title='bbox 237 1517 262 1608; x_wconf 64' lang='grc' dir='ltr'><strong><em>ξ</em></strong></span> <span class='ocrx_word' id='word_1_66' title='bbox 286 1520 315 1584; x_wconf 81' lang='grc'><strong>2.</strong></span> <span class='ocrx_word' id='word_1_67' title='bbox 340 1518 435 1604; x_wconf 85' lang='lat' dir='ltr'><strong>Vulg.</strong></span> <span class='ocrx_word' id='word_1_68' title='bbox 458 1518 563 1599; x_wconf 73' lang='grc' dir='ltr'><em>ἄνδρας</em></span> <span class='ocrx_word' id='word_1_69' title='bbox 589 1519 622 1584; x_wconf 78' lang='grc' dir='ltr'><strong>τέ</strong></span> <span class='ocrx_word' id='word_1_70' title='bbox 645 1544 725 1592; x_wconf 81' lang='grc' dir='ltr'><em>τινας</em></span> <span class='ocrx_word' id='word_1_71' title='bbox 749 1520 923 1584; x_wconf 64' lang='lat' dir='ltr'><strong>sesenna</strong></span> <span class='ocrx_word' id='word_1_72' title='bbox 1049 1520 1099 1584; x_wconf 74' lang='lat' dir='ltr'><strong>ael</strong></span> <span class='ocrx_word' id='word_1_73' title='bbox 1117 1521 1227 1592; x_wconf 72' lang='grc' dir='ltr'><em>ἄλλους</em></span> <span class='ocrx_word' id='word_1_74' title='bbox 1242 1520 1357 1598; x_wconf 75' lang='grc' dir='ltr'><em>ἔδησαν,</em></span> <span class='ocrx_word' id='word_1_75' title='bbox 1374 1521 1466 1594; x_wconf 79' lang='grc' dir='ltr'><strong>τοὺς</strong></span> 
     </span>
     <span class='ocr_line' id='line_1_11' title="bbox 193 1635 1464 1724; baseline 0.002 -20"><span class='ocrx_word' id='word_1_76' title='bbox 193 1639 222 1704; x_wconf 73' lang='grc' dir='ltr'><strong>δὲ</strong></span> <span class='ocrx_word' id='word_1_77' title='bbox 244 1638 293 1703; x_wconf 79' lang='grc' dir='ltr'><strong>καὶ</strong></span> <span class='ocrx_word' id='word_1_78' title='bbox 316 1638 546 1716; x_wconf 80' lang='grc' dir='ltr'><em>μετεστήσαντο.</em></span> <span class='ocrx_word' id='word_1_79' title='bbox 593 1638 621 1704; x_wconf 94' lang='grc' dir='ltr'>Β</span> <span class='ocrx_word' id='word_1_80' title='bbox 643 1659 814 1724; x_wconf 79' lang='lat' dir='ltr'><strong>perperam</strong></span> <span class='ocrx_word' id='word_1_81' title='bbox 837 1635 899 1720; x_wconf 78' lang='grc' dir='ltr'><strong>οὕς,</strong></span> <span class='ocrx_word' id='word_1_82' title='bbox 924 1643 960 1704; x_wconf 88' lang='lat' dir='ltr'><strong>ut</strong></span> <span class='ocrx_word' id='word_1_83' title='bbox 980 1639 1049 1723; x_wconf 89' lang='lat' dir='ltr'><strong>jam</strong></span> <span class='ocrx_word' id='word_1_84' title='bbox 1076 1637 1264 1704; x_wconf 86' lang='lat' dir='ltr'><strong>vocabulum</strong></span> <span class='ocrx_word' id='word_1_85' title='bbox 1280 1639 1310 1703; x_wconf 73' lang='grc' dir='ltr'><strong>δὲ</strong></span> <span class='ocrx_word' id='word_1_86' title='bbox 1326 1637 1464 1706; x_wconf 88' lang='lat' dir='ltr'><strong>indicat.</strong></span> 
     </span>
     <span class='ocr_line' id='line_1_12' title="bbox 195 1755 822 1842; baseline -0.002 -19"><span class='ocrx_word' id='word_1_87' title='bbox 195 1755 308 1823; x_wconf 85' lang='lat' dir='ltr'><strong>Valla:</strong></span> <span class='ocrx_word' id='word_1_88' title='bbox 336 1756 546 1839; x_wconf 85' lang='lat' dir='ltr'><strong>„quosdam</strong></span> <span class='ocrx_word' id='word_1_89' title='bbox 570 1755 822 1842; x_wconf 86' lang='lat' dir='ltr'><strong>relegaverunt’&#39;.</strong></span> 
     </span>
    </p>

    <p class='ocr_par' dir='ltr' id='par_1_5' title="bbox 189 1871 1464 2437">
     <span class='ocr_line' id='line_1_13' title="bbox 235 1871 1464 1960; baseline -0.001 -20"><span class='ocrx_word' id='word_1_90' title='bbox 235 1874 318 1942; x_wconf 89' lang='lat' dir='ltr'><strong>Ibid.</strong></span> <span class='ocrx_word' id='word_1_91' title='bbox 347 1874 437 1960; x_wconf 83' lang='lat' dir='ltr'><strong>Vulg.</strong></span> <span class='ocrx_word' id='word_1_92' title='bbox 462 1871 555 1953; x_wconf 68' lang='grc' dir='ltr'><em>Ἆγιν</em></span> <span class='ocrx_word' id='word_1_93' title='bbox 585 1878 633 1942; x_wconf 79' lang='grc' dir='ltr'><strong>τὸν</strong></span> <span class='ocrx_word' id='word_1_94' title='bbox 665 1877 900 1953; x_wconf 71' lang='grc' dir='ltr'><em>Λακεδαιμονίων</em></span> <span class='ocrx_word' id='word_1_95' title='bbox 923 1874 1064 1954; x_wconf 76' lang='grc' dir='ltr'><em>βασιλέα.</em></span> <span class='ocrx_word' id='word_1_96' title='bbox 1099 1875 1214 1942; x_wconf 88' lang='lat' dir='ltr'><strong>Bnon</strong></span> <span class='ocrx_word' id='word_1_97' title='bbox 1237 1875 1337 1943; x_wconf 77' lang='lat' dir='ltr'><strong>hebet</strong></span> <span class='ocrx_word' id='word_1_98' title='bbox 1361 1886 1464 1942; x_wconf 86' lang='grc' dir='ltr'><em>Λακε-</em></span> 
     </span>
     <span class='ocr_line' id='line_1_14' title="bbox 191 1991 1462 2079; baseline 0.003 -22"><span class='ocrx_word' id='word_1_99' title='bbox 191 1993 349 2070; x_wconf 73' lang='grc' dir='ltr'><em>δαιμονίοι.</em></span> <span class='ocrx_word' id='word_1_100' title='bbox 390 1993 587 2060; x_wconf 74' lang='lat' dir='ltr'><strong>Alterutrum</strong></span> <span class='ocrx_word' id='word_1_101' title='bbox 620 1991 802 2060; x_wconf 83' lang='lat' dir='ltr'><strong>iaciendum</strong></span> <span class='ocrx_word' id='word_1_102' title='bbox 836 1998 903 2074; x_wconf 89' lang='lat' dir='ltr'><strong>eet,</strong></span> <span class='ocrx_word' id='word_1_103' title='bbox 938 1999 1010 2074; x_wconf 90' lang='lat' dir='ltr'><strong>aut,</strong></span> <span class='ocrx_word' id='word_1_104' title='bbox 1046 1999 1082 2059; x_wconf 91' lang='lat' dir='ltr'><strong>ut</strong></span> <span class='ocrx_word' id='word_1_105' title='bbox 1116 1993 1347 2061; x_wconf 86' lang='lat' dir='ltr'><strong>Herwerdenus</strong></span> <span class='ocrx_word' id='word_1_106' title='bbox 1387 2015 1462 2079; x_wconf 89' lang='lat' dir='ltr'><strong>pro·</strong></span> 
     </span>
     <span class='ocr_line' id='line_1_15' title="bbox 190 2112 1460 2197; baseline -0.001 -18"><span class='ocrx_word' id='word_1_107' title='bbox 190 2112 314 2197; x_wconf 85' lang='lat' dir='ltr'><strong>posuit,</strong></span> <span class='ocrx_word' id='word_1_108' title='bbox 350 2112 398 2176; x_wconf 84' lang='grc' dir='ltr'><strong>τὸν</strong></span> <span class='ocrx_word' id='word_1_109' title='bbox 436 2113 671 2191; x_wconf 73' lang='grc' dir='ltr'><em>Λακεδαιμονίαν</em></span> <span class='ocrx_word' id='word_1_110' title='bbox 706 2113 838 2188; x_wconf 77' lang='grc' dir='ltr'><em>βασιλέα</em></span> <span class='ocrx_word' id='word_1_111' title='bbox 872 2112 1062 2197; x_wconf 86' lang='lat' dir='ltr'><strong>ejiciendum</strong></span> <span class='ocrx_word' id='word_1_112' title='bbox 1096 2117 1161 2194; x_wconf 84' lang='lat' dir='ltr'><strong>est,</strong></span> <span class='ocrx_word' id='word_1_113' title='bbox 1198 2118 1254 2179; x_wconf 86' lang='lat' dir='ltr'><strong>aut</strong></span> <span class='ocrx_word' id='word_1_114' title='bbox 1282 2119 1323 2179; x_wconf 84' lang='lat' dir='ltr'><strong>st.</strong></span> <span class='ocrx_word' id='word_1_115' title='bbox 1358 2125 1460 2180; x_wconf 85' lang='grc' dir='ltr'><em>Λακε-</em></span> 
     </span>
     <span class='ocr_line' id='line_1_16' title="bbox 189 2229 1458 2315; baseline 0.002 -18"><span class='ocrx_word' id='word_1_116' title='bbox 189 2231 338 2308; x_wconf 69' lang='grc' dir='ltr'><em>δαιμονίων</em></span> <span class='ocrx_word' id='word_1_117' title='bbox 371 2231 581 2297; x_wconf 89' lang='lat' dir='ltr'><strong>retinendum.</strong></span> <span class='ocrx_word' id='word_1_118' title='bbox 617 2231 793 2298; x_wconf 78' lang='lat' dir='ltr'><strong>Vaticanus</strong></span> <span class='ocrx_word' id='word_1_119' title='bbox 828 2236 912 2298; x_wconf 89' lang='lat' dir='ltr'><strong>certe</strong></span> <span class='ocrx_word' id='word_1_120' title='bbox 947 2252 1010 2297; x_wconf 93' lang='lat' dir='ltr'><strong>non</strong></span> <span class='ocrx_word' id='word_1_121' title='bbox 1034 2229 1220 2315; x_wconf 87' lang='lat' dir='ltr'><strong>probandus</strong></span> <span class='ocrx_word' id='word_1_122' title='bbox 1244 2237 1303 2297; x_wconf 85' lang='lat' dir='ltr'><strong>est.</strong></span> <span class='ocrx_word' id='word_1_123' title='bbox 1339 2232 1458 2299; x_wconf 87' lang='lat' dir='ltr'><strong>Valla:</strong></span> 
     </span>
     <span class='ocr_line' id='line_1_17' title="bbox 193 2351 1032 2437; baseline 0.002 -21"><span class='ocrx_word' id='word_1_124' title='bbox 193 2352 263 2433; x_wconf 84' lang='lat' dir='ltr'><strong>„Ad</strong></span> <span class='ocrx_word' id='word_1_125' title='bbox 286 2351 420 2437; x_wconf 85' lang='lat' dir='ltr'><strong>Agidem</strong></span> <span class='ocrx_word' id='word_1_126' title='bbox 443 2352 773 2420; x_wconf 83' lang='lat' dir='ltr'><strong>Lacedaemoniorum</strong></span> <span class='ocrx_word' id='word_1_127' title='bbox 889 2351 1032 2420; x_wconf 88' lang='lat' dir='ltr'><strong>misere&#39;&#39;.</strong></span> 
     </span>
    </p>

    <p class='ocr_par' dir='ltr' id='par_1_6' title="bbox 188 2468 1459 3032">
     <span class='ocr_line' id='line_1_18' title="bbox 234 2468 1459 2556; baseline 0 -20"><span class='ocrx_word' id='word_1_128' title='bbox 234 2469 316 2539; x_wconf 87' lang='lat' dir='ltr'><strong>Ibid.</strong></span> <span class='ocrx_word' id='word_1_129' title='bbox 341 2469 432 2556; x_wconf 85' lang='lat' dir='ltr'><strong>Vulg.</strong></span> <span class='ocrx_word' id='word_1_130' title='bbox 466 2471 539 2543; x_wconf 76' lang='grc' dir='ltr'><em>εἰκὸς</em></span> <span class='ocrx_word' id='word_1_131' title='bbox 574 2468 645 2537; x_wconf 81' lang='grc' dir='ltr'><em>εἶναι</em></span> <span class='ocrx_word' id='word_1_132' title='bbox 680 2475 801 2543; x_wconf 78' lang='grc' dir='ltr'><em>αὐτοῖς</em></span> <span class='ocrx_word' id='word_1_133' title='bbox 837 2473 921 2555; x_wconf 81' lang='grc' dir='ltr'><em>σφίσι</em></span> <span class='ocrx_word' id='word_1_134' title='bbox 953 2472 1001 2536; x_wconf 74' lang='grc' dir='ltr'><strong>καὶ</strong></span> <span class='ocrx_word' id='word_1_135' title='bbox 1032 2471 1124 2537; x_wconf 82' lang='grc' dir='ltr'><em>οὐκέτι</em></span> <span class='ocrx_word' id='word_1_136' title='bbox 1156 2474 1196 2553; x_wconf 77' lang='grc' dir='ltr'><strong>τῷ</strong></span> <span class='ocrx_word' id='word_1_137' title='bbox 1227 2473 1343 2552; x_wconf 67' lang='grc' dir='ltr'><em>ἀπίστῳ</em></span> <span class='ocrx_word' id='word_1_138' title='bbox 1376 2471 1459 2552; x_wconf 74' lang='grc' dir='ltr'><strong>δήμῳ</strong></span> 
     </span>
     <span class='ocr_line' id='line_1_19' title="bbox 189 2588 1458 2677; baseline 0 -24"><span class='ocrx_word' id='word_1_139' title='bbox 189 2592 307 2667; x_wconf 68' lang='lat' dir='ltr'><strong>paruo</strong></span> <span class='ocrx_word' id='word_1_140' title='bbox 338 2588 512 2670; x_wconf 73' lang='grc' dir='ltr'><em>ξυγχωρεῖν.</em></span> <span class='ocrx_word' id='word_1_141' title='bbox 560 2589 744 2657; x_wconf 87' lang='lat' dir='ltr'><strong>Sententiae</strong></span> <span class='ocrx_word' id='word_1_142' title='bbox 775 2589 920 2677; x_wconf 88' lang='lat' dir='ltr'><strong>subjecto</strong></span> <span class='ocrx_word' id='word_1_143' title='bbox 951 2591 1073 2657; x_wconf 88' lang='lat' dir='ltr'><strong>carenti</strong></span> <span class='ocrx_word' id='word_1_144' title='bbox 1100 2595 1133 2656; x_wconf 93' lang='lat' dir='ltr'><strong>et</strong></span> <span class='ocrx_word' id='word_1_145' title='bbox 1156 2589 1196 2656; x_wconf 94' lang='lat' dir='ltr'><strong>ob</strong></span> <span class='ocrx_word' id='word_1_146' title='bbox 1221 2590 1335 2655; x_wconf 91' lang='lat' dir='ltr'><strong>mirum</strong></span> <span class='ocrx_word' id='word_1_147' title='bbox 1359 2592 1458 2661; x_wconf 80' lang='grc' dir='ltr'><em>αὐτοῖς</em></span> 
     </span>
     <span class='ocr_line' id='line_1_20' title="bbox 189 2707 1455 2796; baseline 0 -22"><span class='ocrx_word' id='word_1_148' title='bbox 189 2707 275 2791; x_wconf 83' lang='grc' dir='ltr'><em>σφίσι</em></span> <span class='ocrx_word' id='word_1_149' title='bbox 305 2710 379 2794; x_wconf 91' lang='lat' dir='ltr'><strong>(pro</strong></span> <span class='ocrx_word' id='word_1_150' title='bbox 410 2709 510 2794; x_wconf 77' lang='grc' dir='ltr'><em>σφίσιν</em></span> <span class='ocrx_word' id='word_1_151' title='bbox 545 2711 657 2796; x_wconf 74' lang='grc' dir='ltr'><em>αὐτοῖς)</em></span> <span class='ocrx_word' id='word_1_152' title='bbox 679 2716 849 2795; x_wconf 85' lang='lat' dir='ltr'><strong>suspectae</strong></span> <span class='ocrx_word' id='word_1_153' title='bbox 873 2731 982 2776; x_wconf 82' lang='lat' dir='ltr'><strong>verum</strong></span> <span class='ocrx_word' id='word_1_154' title='bbox 1006 2710 1144 2776; x_wconf 90' lang='lat' dir='ltr'><strong>colorem</strong></span> <span class='ocrx_word' id='word_1_155' title='bbox 1166 2709 1307 2775; x_wconf 87' lang='lat' dir='ltr'><strong>reddidit</strong></span> <span class='ocrx_word' id='word_1_156' title='bbox 1328 2709 1356 2775; x_wconf 95' lang='lat' dir='ltr'>B</span> <span class='ocrx_word' id='word_1_157' title='bbox 1382 2709 1455 2775; x_wconf 85' lang='lat' dir='ltr'><strong>scri·</strong></span> 
     </span>
     <span class='ocr_line' id='line_1_21' title="bbox 191 2826 1455 2913; baseline 0 -20"><span class='ocrx_word' id='word_1_158' title='bbox 191 2827 269 2894; x_wconf 87' lang='lat' dir='ltr'><strong>bens</strong></span> <span class='ocrx_word' id='word_1_159' title='bbox 292 2848 352 2913; x_wconf 91' lang='lat' dir='ltr'><strong>pro</strong></span> <span class='ocrx_word' id='word_1_160' title='bbox 376 2831 473 2902; x_wconf 79' lang='grc' dir='ltr'><em>αὐτοῖς</em></span> <span class='ocrx_word' id='word_1_161' title='bbox 498 2828 714 2895; x_wconf 81' lang='lat' dir='ltr'><strong>accusativum</strong></span> <span class='ocrx_word' id='word_1_162' title='bbox 738 2826 834 2892; x_wconf 79' lang='grc' dir='ltr'><em>αὐτόν.</em></span> <span class='ocrx_word' id='word_1_163' title='bbox 868 2826 961 2894; x_wconf 89' lang='lat' dir='ltr'><strong>Valla</strong></span> <span class='ocrx_word' id='word_1_164' title='bbox 983 2847 1111 2911; x_wconf 90' lang='lat' dir='ltr'><strong>quoqne</strong></span> <span class='ocrx_word' id='word_1_165' title='bbox 1135 2832 1238 2894; x_wconf 86' lang='lat' dir='ltr'><strong>recte:</strong></span> <span class='ocrx_word' id='word_1_166' title='bbox 1266 2834 1455 2907; x_wconf 85' lang='lat' dir='ltr'><strong>„consenta-</strong></span> 
     </span>
     <span class='ocr_line' id='line_1_22' title="bbox 188 2943 1411 3032; baseline -0.001 -19"><span class='ocrx_word' id='word_1_167' title='bbox 188 2968 283 3014; x_wconf 91' lang='lat' dir='ltr'><strong>neum</strong></span> <span class='ocrx_word' id='word_1_168' title='bbox 306 2967 377 3013; x_wconf 88' lang='lat' dir='ltr'><strong>esee</strong></span> <span class='ocrx_word' id='word_1_169' title='bbox 401 2952 437 3014; x_wconf 91' lang='lat' dir='ltr'><strong>ut</strong></span> <span class='ocrx_word' id='word_1_170' title='bbox 458 2947 527 3014; x_wconf 92' lang='lat' dir='ltr'><strong>ille</strong></span> <span class='ocrx_word' id='word_1_171' title='bbox 550 2947 630 3032; x_wconf 88' lang='lat' dir='ltr'><strong>ipsis</strong></span> <span class='ocrx_word' id='word_1_172' title='bbox 654 2947 761 3032; x_wconf 91' lang='lat' dir='ltr'><strong>potius</strong></span> <span class='ocrx_word' id='word_1_173' title='bbox 785 2967 882 3030; x_wconf 89' lang='lat' dir='ltr'><strong>quam</strong></span> <span class='ocrx_word' id='word_1_174' title='bbox 905 2943 1004 3011; x_wconf 90' lang='lat' dir='ltr'><strong>infido</strong></span> <span class='ocrx_word' id='word_1_175' title='bbox 1027 2946 1145 3031; x_wconf 92' lang='lat' dir='ltr'><strong>populo</strong></span> <span class='ocrx_word' id='word_1_176' title='bbox 1170 2943 1411 3012; x_wconf 86' lang='lat' dir='ltr'><strong>assentiretnr&#39;&#39;.</strong></span> 
     </span>
    </p>
   </div>
   <div class='ocr_carea' id='block_1_3' title="bbox 184 3181 1458 4098">
    <p class='ocr_par' dir='ltr' id='par_1_7' title="bbox 232 3181 1175 3271">
     <span class='ocr_line' id='line_1_23' title="bbox 232 3181 1175 3271; baseline 0.003 -23"><span class='ocrx_word' id='word_1_177' title='bbox 232 3181 337 3267; x_wconf 81' lang='lat' dir='ltr'><strong>eaput</strong></span> <span class='ocrx_word' id='word_1_178' title='bbox 361 3185 412 3251; x_wconf 78' lang='lat'><strong>71.</strong></span> <span class='ocrx_word' id='word_1_179' title='bbox 435 3184 527 3271; x_wconf 84' lang='lat' dir='ltr'><strong>Vulg.</strong></span> <span class='ocrx_word' id='word_1_180' title='bbox 551 3184 570 3269; x_wconf 70' lang='grc' dir='ltr'><strong><em>ᾖ</em></strong></span> <span class='ocrx_word' id='word_1_181' title='bbox 590 3185 763 3266; x_wconf 74' lang='grc' dir='ltr'><em>βούλονται,</em></span> <span class='ocrx_word' id='word_1_182' title='bbox 786 3190 891 3267; x_wconf 85' lang='lat' dir='ltr'><strong>reete,</strong></span> <span class='ocrx_word' id='word_1_183' title='bbox 914 3197 936 3249; x_wconf 86' lang='lat' dir='ltr'><strong>B</strong></span> <span class='ocrx_word' id='word_1_184' title='bbox 959 3185 986 3249; x_wconf 85' lang='grc' dir='ltr'><strong>ει’</strong></span> <span class='ocrx_word' id='word_1_185' title='bbox 1008 3182 1175 3261; x_wconf 73' lang='grc' dir='ltr'><em>βούλονται.</em></span> 
     </span>
    </p>

    <p class='ocr_par' dir='ltr' id='par_1_8' title="bbox 185 3298 1456 3506">
     <span class='ocr_line' id='line_1_24' title="bbox 231 3298 1456 3389; baseline 0.003 -24"><span class='ocrx_word' id='word_1_186' title='bbox 231 3298 255 3389; x_wconf 62' lang='grc' dir='ltr'><strong>ξ</strong></span> <span class='ocrx_word' id='word_1_187' title='bbox 279 3302 310 3367; x_wconf 82' lang='lat'><strong>2.</strong></span> <span class='ocrx_word' id='word_1_188' title='bbox 345 3301 438 3386; x_wconf 81' lang='lat' dir='ltr'><strong>Vulg.</strong></span> <span class='ocrx_word' id='word_1_189' title='bbox 474 3301 579 3384; x_wconf 71' lang='grc' dir='ltr'><em>ἄνδρας</em></span> <span class='ocrx_word' id='word_1_190' title='bbox 613 3304 783 3380; x_wconf 74' lang='grc' dir='ltr'><em>κατέβαλον</em></span> <span class='ocrx_word' id='word_1_191' title='bbox 817 3306 923 3372; x_wconf 79' lang='grc' dir='ltr'><em>αὐτῶν.</em></span> <span class='ocrx_word' id='word_1_192' title='bbox 957 3302 984 3366; x_wconf 92' lang='grc' dir='ltr'>Β</span> <span class='ocrx_word' id='word_1_193' title='bbox 1014 3308 1089 3387; x_wconf 83' lang='lat' dir='ltr'><strong>post</strong></span> <span class='ocrx_word' id='word_1_194' title='bbox 1119 3298 1224 3383; x_wconf 73' lang='grc' dir='ltr'><em>ἄνδρας</em></span> <span class='ocrx_word' id='word_1_195' title='bbox 1256 3301 1370 3370; x_wconf 84' lang='lat' dir='ltr'><strong>inserit</strong></span> <span class='ocrx_word' id='word_1_196' title='bbox 1403 3329 1456 3387; x_wconf 84' lang='grc' dir='ltr'><strong>τε,</strong></span> 
     </span>
     <span class='ocr_line' id='line_1_25' title="bbox 185 3419 1194 3506; baseline 0.003 -23"><span class='ocrx_word' id='word_1_197' title='bbox 185 3423 317 3502; x_wconf 90' lang='lat' dir='ltr'><strong>praeter</strong></span> <span class='ocrx_word' id='word_1_198' title='bbox 340 3420 574 3487; x_wconf 90' lang='lat' dir='ltr'><strong>necessilatem.</strong></span> <span class='ocrx_word' id='word_1_199' title='bbox 609 3421 703 3488; x_wconf 87' lang='lat' dir='ltr'><strong>Valla</strong></span> <span class='ocrx_word' id='word_1_200' title='bbox 726 3420 918 3506; x_wconf 85' lang='lat' dir='ltr'><strong>particulam</strong></span> <span class='ocrx_word' id='word_1_201' title='bbox 941 3442 1005 3488; x_wconf 91' lang='lat' dir='ltr'><strong>non</strong></span> <span class='ocrx_word' id='word_1_202' title='bbox 1028 3419 1194 3505; x_wconf 83' lang='lat' dir='ltr'><strong>expressit</strong></span> 
     </span>
    </p>

    <p class='ocr_par' dir='ltr' id='par_1_9' title="bbox 227 3536 858 3626">
     <span class='ocr_line' id='line_1_26' title="bbox 227 3536 858 3626; baseline 0.008 -24"><span class='ocrx_word' id='word_1_203' title='bbox 227 3537 310 3605; x_wconf 90' lang='lat' dir='ltr'><strong>Ibid.</strong></span> <span class='ocrx_word' id='word_1_204' title='bbox 337 3536 428 3623; x_wconf 86' lang='lat' dir='ltr'><strong>Vulg.</strong></span> <span class='ocrx_word' id='word_1_205' title='bbox 452 3540 502 3604; x_wconf 78' lang='grc' dir='ltr'><strong>καὶ</strong></span> <span class='ocrx_word' id='word_1_206' title='bbox 530 3541 643 3626; x_wconf 78' lang='grc' dir='ltr'><em>ἐκείνου,</em></span> <span class='ocrx_word' id='word_1_207' title='bbox 670 3554 691 3606; x_wconf 87' lang='grc' dir='ltr'><strong>Β</strong></span> <span class='ocrx_word' id='word_1_208' title='bbox 715 3542 858 3608; x_wconf 65' lang='lat' dir='ltr'><strong>adcelera.</strong></span> 
     </span>
    </p>

    <p class='ocr_par' dir='ltr' id='par_1_10' title="bbox 184 3653 1458 4098">
     <span class='ocr_line' id='line_1_27' title="bbox 229 3653 1454 3744; baseline 0.006 -25"><span class='ocrx_word' id='word_1_209' title='bbox 229 3653 253 3744; x_wconf 62' lang='grc' dir='ltr'><strong>ξ</strong></span> <span class='ocrx_word' id='word_1_210' title='bbox 277 3654 309 3722; x_wconf 86' lang='grc'><strong>3.</strong></span> <span class='ocrx_word' id='word_1_211' title='bbox 341 3654 435 3740; x_wconf 83' lang='lat' dir='ltr'><strong>Vulg.</strong></span> <span class='ocrx_word' id='word_1_212' title='bbox 470 3658 651 3735; x_wconf 79' lang='grc' dir='ltr'><em>ἐκπέμπουσι</em></span> <span class='ocrx_word' id='word_1_213' title='bbox 686 3661 744 3724; x_wconf 78' lang='grc' dir='ltr'><strong>καὶ</strong></span> <span class='ocrx_word' id='word_1_214' title='bbox 779 3661 807 3731; x_wconf 80' lang='grc' dir='ltr'><strong>ἐς</strong></span> <span class='ocrx_word' id='word_1_215' title='bbox 842 3660 894 3733; x_wconf 66' lang='grc' dir='ltr'><strong>τὴν</strong></span> <span class='ocrx_word' id='word_1_216' title='bbox 923 3659 1133 3734; x_wconf 77' lang='grc' dir='ltr'><em>Λακεδαίμονα</em></span> <span class='ocrx_word' id='word_1_217' title='bbox 1165 3660 1241 3739; x_wconf 80' lang='grc' dir='ltr'><strong>περὶ</strong></span> <span class='ocrx_word' id='word_1_218' title='bbox 1274 3657 1454 3737; x_wconf 72' lang='grc' dir='ltr'><em>ξνμβοὲσειος</em></span> 
     </span>
     <span class='ocr_line' id='line_1_28' title="bbox 184 3771 1458 3863; baseline 0.007 -26"><span class='ocrx_word' id='word_1_219' title='bbox 184 3771 332 3854; x_wconf 74' lang='grc' dir='ltr'><em>πρέσβεις.</em></span> <span class='ocrx_word' id='word_1_220' title='bbox 363 3773 390 3837; x_wconf 93' lang='grc' dir='ltr'>Β</span> <span class='ocrx_word' id='word_1_221' title='bbox 414 3793 476 3840; x_wconf 91' lang='lat' dir='ltr'><strong>non</strong></span> <span class='ocrx_word' id='word_1_222' title='bbox 502 3774 600 3841; x_wconf 90' lang='lat' dir='ltr'><strong>habet</strong></span> <span class='ocrx_word' id='word_1_223' title='bbox 622 3775 690 3854; x_wconf 79' lang='grc' dir='ltr'><strong>καὶ,</strong></span> <span class='ocrx_word' id='word_1_224' title='bbox 716 3778 800 3862; x_wconf 87' lang='lat' dir='ltr'><strong>qnod</strong></span> <span class='ocrx_word' id='word_1_225' title='bbox 824 3776 1040 3843; x_wconf 86' lang='lat' dir='ltr'><strong>necessarium</strong></span> <span class='ocrx_word' id='word_1_226' title='bbox 1064 3773 1178 3842; x_wconf 87' lang='lat' dir='ltr'><strong>saltem</strong></span> <span class='ocrx_word' id='word_1_227' title='bbox 1201 3796 1264 3843; x_wconf 91' lang='lat' dir='ltr'><strong>non</strong></span> <span class='ocrx_word' id='word_1_228' title='bbox 1288 3783 1339 3844; x_wconf 87' lang='lat' dir='ltr'><strong>est</strong></span> <span class='ocrx_word' id='word_1_229' title='bbox 1352 3799 1458 3863; x_wconf 89' lang='lat' dir='ltr'><strong>neque</strong></span> 
     </span>
     <span class='ocr_line' id='line_1_29' title="bbox 184 3891 1448 3980; baseline 0.006 -22"><span class='ocrx_word' id='word_1_230' title='bbox 184 3891 299 3978; x_wconf 81' lang='lat' dir='ltr'><strong>legitur</strong></span> <span class='ocrx_word' id='word_1_231' title='bbox 333 3893 421 3977; x_wconf 89' lang='lat' dir='ltr'><strong>apud</strong></span> <span class='ocrx_word' id='word_1_232' title='bbox 452 3893 585 3961; x_wconf 84' lang='lat' dir='ltr'><strong>Vallum.</strong></span> <span class='ocrx_word' id='word_1_233' title='bbox 630 3894 784 3962; x_wconf 88' lang='lat' dir='ltr'><strong>Mendoee</strong></span> <span class='ocrx_word' id='word_1_234' title='bbox 815 3900 921 3962; x_wconf 91' lang='lat' dir='ltr'><strong>autem</strong></span> <span class='ocrx_word' id='word_1_235' title='bbox 953 3892 1064 3960; x_wconf 85' lang='lat' dir='ltr'><strong>scribit</strong></span> <span class='ocrx_word' id='word_1_236' title='bbox 1095 3906 1117 3958; x_wconf 83' lang='grc' dir='ltr'>Β</span> <span class='ocrx_word' id='word_1_237' title='bbox 1148 3895 1255 3974; x_wconf 81' lang='grc' dir='ltr'><em>ταμὼν</em></span> <span class='ocrx_word' id='word_1_238' title='bbox 1285 3917 1345 3980; x_wconf 90' lang='lat' dir='ltr'><strong>pro</strong></span> <span class='ocrx_word' id='word_1_239' title='bbox 1372 3900 1448 3980; x_wconf 78' lang='grc' dir='ltr'><em>τερί.</em></span> 
     </span>
     <span class='ocr_line' id='line_1_30' title="bbox 185 4009 1236 4098; baseline 0 -20"><span class='ocrx_word' id='word_1_240' title='bbox 185 4010 279 4080; x_wconf 88' lang='lat' dir='ltr'><strong>Valla</strong></span> <span class='ocrx_word' id='word_1_241' title='bbox 304 4011 598 4094; x_wconf 81' lang='lat' dir='ltr'><strong>„Lacedaemonem</strong></span> <span class='ocrx_word' id='word_1_242' title='bbox 622 4014 752 4081; x_wconf 90' lang='lat' dir='ltr'><strong>mittunt</strong></span> <span class='ocrx_word' id='word_1_243' title='bbox 774 4013 817 4081; x_wconf 88' lang='lat' dir='ltr'><strong>ad</strong></span> <span class='ocrx_word' id='word_1_244' title='bbox 839 4012 1064 4098; x_wconf 85' lang='lat' dir='ltr'><strong>paciscendum</strong></span> <span class='ocrx_word' id='word_1_245' title='bbox 1085 4009 1236 4094; x_wconf 82' lang='lat' dir='ltr'><strong>legatos&#39;’.</strong></span> 
     </span>
    </p>
   </div>
   <div class='ocr_carea' id='block_1_4' title="bbox 182 4242 1457 4463">
    <p class='ocr_par' dir='ltr' id='par_1_11' title="bbox 182 4242 1457 4463">
     <span class='ocr_line' id='line_1_31' title="bbox 230 4242 1450 4341; baseline 0.002 -27"><span class='ocrx_word' id='word_1_246' title='bbox 230 4247 336 4332; x_wconf 79' lang='lat' dir='ltr'><strong>Caput</strong></span> <span class='ocrx_word' id='word_1_247' title='bbox 359 4251 401 4317; x_wconf 74' lang='lat'><strong>72</strong></span> <span class='ocrx_word' id='word_1_248' title='bbox 424 4248 449 4341; x_wconf 63' lang='grc' dir='ltr'>ἓ</span> <span class='ocrx_word' id='word_1_249' title='bbox 476 4254 502 4318; x_wconf 92' lang='lat'><strong>1.</strong></span> <span class='ocrx_word' id='word_1_250' title='bbox 538 4250 632 4338; x_wconf 82' lang='lat' dir='ltr'><strong>Vulg.</strong></span> <span class='ocrx_word' id='word_1_251' title='bbox 663 4248 900 4332; x_wconf 65' lang='grc' dir='ltr'><em>πεντακισχίλιοι</em></span> <span class='ocrx_word' id='word_1_252' title='bbox 926 4271 960 4311; x_wconf 85' lang='grc' dir='ltr'><strong>τε</strong></span> <span class='ocrx_word' id='word_1_253' title='bbox 993 4244 1036 4311; x_wconf 75' lang='grc' dir='ltr'><strong>ὅτι</strong></span> <span class='ocrx_word' id='word_1_254' title='bbox 1068 4242 1124 4310; x_wconf 82' lang='grc' dir='ltr'><em>εἶεν</em></span> <span class='ocrx_word' id='word_1_255' title='bbox 1147 4249 1196 4312; x_wconf 75' lang='grc' dir='ltr'><strong>καὶ</strong></span> <span class='ocrx_word' id='word_1_256' title='bbox 1220 4252 1257 4315; x_wconf 83' lang='grc' dir='ltr'><strong>οὐ</strong></span> <span class='ocrx_word' id='word_1_257' title='bbox 1281 4253 1450 4333; x_wconf 77' lang='grc' dir='ltr'><em>τετρακόσια</em></span> 
     </span>
     <span class='ocr_line' id='line_1_32' title="bbox 182 4361 1457 4463; baseline -0.004 -15"><span class='ocrx_word' id='word_1_258' title='bbox 182 4367 266 4448; x_wconf 69' lang='lat' dir='ltr'><strong>alveo</strong></span> <span class='ocrx_word' id='word_1_259' title='bbox 281 4369 304 4434; x_wconf 68' lang='lat' dir='ltr'><strong>vl</strong></span> <span class='ocrx_word' id='word_1_260' title='bbox 321 4369 509 4449; x_wconf 64' lang='lat' dir='ltr'><strong>eodemus.</strong></span> <span class='ocrx_word' id='word_1_261' title='bbox 532 4370 635 4463; x_wconf 88' lang='lat' dir='ltr'><strong>Bpro</strong></span> <span class='ocrx_word' id='word_1_262' title='bbox 655 4372 686 4438; x_wconf 81' lang='grc' dir='ltr'><strong>οὐ</strong></span> <span class='ocrx_word' id='word_1_263' title='bbox 707 4371 784 4463; x_wconf 83' lang='lat' dir='ltr'><strong>legit</strong></span> <span class='ocrx_word' id='word_1_264' title='bbox 803 4370 851 4454; x_wconf 82' lang='grc' dir='ltr'><strong>οἱ,</strong></span> <span class='ocrx_word' id='word_1_265' title='bbox 870 4364 955 4457; x_wconf 83' lang='lat' dir='ltr'><strong>quod</strong></span> <span class='ocrx_word' id='word_1_266' title='bbox 975 4361 1143 4434; x_wconf 83' lang='lat' dir='ltr'><strong>fereadum</strong></span> <span class='ocrx_word' id='word_1_267' title='bbox 1163 4373 1311 4435; x_wconf 86' lang='lat' dir='ltr'><strong>nonest:</strong></span> <span class='ocrx_word' id='word_1_268' title='bbox 1334 4370 1375 4440; x_wconf 90' lang='lat' dir='ltr'><strong>de</strong></span> <span class='ocrx_word' id='word_1_269' title='bbox 1387 4393 1457 4443; x_wconf 50' lang='lat' dir='ltr'><strong>nu*</strong></span> 
     </span>
    </p>
   </div>
   <div class='ocr_carea' id='block_1_5' title="bbox 0 0 1554 4988">
    <p class='ocr_par' dir='ltr' id='par_1_12' title="bbox 0 0 1554 4988">
     <span class='ocr_line' id='line_1_33' title="bbox 0 0 1554 4988; baseline 0 3"><span class='ocrx_word' id='word_1_270' title='bbox 0 0 1554 4988; x_wconf 95' lang='lat' dir='ltr'><strong> </strong></span> 
     </span>
    </p>
   </div>
  </div>
 </body>
</html>
