3098 4988
756 322 797 389 15

184 557 259 648 §ia
285 560 378 647 Vulg.
410 563 459 628 uxi
492 564 599 628 τούτων
633 563 725 627 πολὺ
755 560 863 642 μέρος
887 559 1091 641 χειροτέχναι,
1118 577 1216 642 quam
1239 554 1410 621 lectionem

139 679 312 748 Classenus
352 704 480 769 quoque
514 686 656 772 recepit,
697 702 893 769 quamquam
928 680 1121 747 Vaticanum
1155 677 1239 743 hanc
1274 675 1412 759 scriptu·

138 818 210 865 ram
241 800 392 869 exhibere
423 802 504 871 false
535 804 721 872 arbitratur.
756 816 778 871 B
811 804 895 870 enim
925 803 964 868 το
996 800 1088 866 πολὺ
1120 797 1244 883 μέρος,
1268 795 1355 882 quod
1379 799 1412 861 et

139 917 313 986 Classenus
336 921 455 989 refellit
476 930 509 991 et
532 929 608 990 ante
632 945 704 991 eum
723 923 793 1009 jam
817 922 929 1007 Poppo
941 922 984 1007 1):
1019 971 1047 1001 ‚,.
1062 967 1070 984 .
1086 970 1117 986 ..
1141 916 1311 984 articulum
1335 919 1411 981 ante

140 1038 218 1103 πολὺ
242 1037 324 1118 μέρος
348 1038 491 1127 addidit,
516 1041 609 1120 licet,
634 1063 690 1108 cur
705 1040 750 1107 ibi
765 1034 1058 1125 potius‘moccimo,
1081 1055 1180 1121 qnam
1193 1053 1318 1122 οιιοριιο
1333 1053 1412 1122 porc

140 1157 313 1222 dicendum
344 1159 402 1234 sit,
433 1159 540 1226 animo
563 1180 627 1226 non
650 1155 898 1243 concipiamus”.
946 1156 1041 1222 Valla
1065 1159 1169 1222 recte:
1195 1174 1320 1240 „eaque
1344 1174 1411 1220 ma-

138 1275 270 1342 nuarias
294 1282 380 1343 artes
403 1299 544 1364 magna
567 1299 612 1344 ex
634 1283 754 1364 parte
777 1273 988 1344 factitantia'’.

182 1397 262 1463 Ibid.
286 1398 378 1484 Vulg.
403 1398 505 1466 ποὶιιποι
527 1400 692 1479 ἀπολώλει,
718 1413 740 1467 Β
763 1396 1053 1476 exculceratas,
1077 1395 1132 1481 qui
1147 1392 1314 1462 verborum
1330 1393 1409 1460 ordo

137 1516 261 1582 arridet
268 1539 278 1594 ς
302 1516 407 1583 forma
430 1524 538 1585 autem
562 1519 668 1599 verbi,
692 1519 866 1605 ἀπολώλει,
891 1523 1043 1603 corrupta
1067 1522 1126 1583 est.

182 1633 261 1700 Ibid.
284 1634 377 1722 Vulg.
402 1636 451 1700 cai
476 1637 668 1718 ὑποζύγια,
693 1649 715 1702 Β
738 1635 839 1718 ζεύγη.
887 1636 1067 1720 Utrumque
1090 1634 1205 1720 placet.

183 1874 289 1959 Caput
317 1875 359 1939 28
391 1873 415 1966 ξ
441 1877 469 1940 1.
503 1874 566 1943 Pro
597 1876 678 1941 κοιτοὶ
707 1883 765 1953 γῆν
795 1895 904 1942 omnes
935 1873 1010 1940 libri
1040 1870 1192 1940 exhibent
1221 1869 1303 1937 caric
1333 1876 1408 1947 γῆς,

138 2015 222 2080 quae
255 1993 354 2062 verba
384 1995 616 2063 Herwerdenus
646 1993 836 2080 proscripsit
859 2013 962 2077 neque
984 1990 1080 2058 Valla
1102 1991 1243 2057 rettulit:
1283 1989 1408 2071 „Etiam

140 2120 337 2182 commentus
360 2115 416 2199 qui
438 2116 528 2201 prius
552 2135 592 2180 ex
614 2113 746 2180 Euboea
769 2133 827 2199 per
844 2112 1014 2179 Deceleam
1029 2109 1173 2177 breviore
1188 2109 1239 2177 vie
1255 2106 1408 2176 subvehe-

137 2234 236 2301 batur
259 2231 358 2319 sqq.’'.
1298 2310 1300 2316 ,

183 2351 262 2443 §Z
288 2352 381 2438 Vulg.
410 2355 462 2429 cdv
486 2353 515 2418 δὲ
539 2353 631 2420 edura
653 2354 702 2418 xci
726 2351 898 2430 ξύμπαντες
923 2353 1000 2427 πλὴν
1023 2356 1079 2416 τῶν
1101 2348 1212 2414 ἱππέοιν
1234 2347 1259 2412 οἱ
1283 2347 1336 2424 μὲν
1358 2347 1409 2428 ἐφ’

137 2470 237 2545 ὅπλοις
268 2473 477 2550 ποιούμενοι
507 2475 533 2538 οἱ
555 2473 579 2537 δ’
603 2474 650 2539 ἐπὶ
683 2478 733 2538 ποῦ
764 2476 975 2553 τείχους
1001 2471 1262 2548 ε’ποολοοιποιροῦοπο.
1296 2464 1408 2532 Βπού.

136 2590 245 2658 Valla:
270 2590 536 2671 „Atheniensibus
553 2593 692 2660 interdiu
706 2615 766 2680 per
781 2593 864 2661 vices
885 2593 926 2661 ad
941 2594 1057 2679 pinnas
1070 2611 1232 2658 murorum
1245 2585 1408 2655 excuban-

135 2708 241 2790 tibus,
265 2716 361 2777 noctn
385 2711 548 2793 omnibus,
572 2718 701 2798 praeter
724 2713 858 2798 equites.
883 2713 935 2779 Ite
955 2711 1010 2780 alii
1030 2710 1089 2778 snb
1107 2711 1222 2789 armis,
1241 2709 1296 2775 alii
1313 2727 1408 2792 super

135 2849 244 2895 muros
258 2879 265 2894 .
277 2877 285 2896 .
299 2879 306 2894 .
319 2879 326 2895 .
340 2829 623 2898 conficiebantur’'.
641 2831 752 2912 Valla,
770 2833 824 2918 qui
839 2853 1011 2919 perperam
1026 2830 1233 2916 interpungit,
1251 2827 1332 2894 nihil
1347 2846 1406 2892 nos

138 2946 241 3014 docet
265 2948 422 3032 Equidem
447 2951 567 3036 optimo
582 2951 665 3019 libro
680 2951 775 3019 fidem
791 2950 961 3019 habiturus
979 2971 1066 3028 sum,
1092 2949 1121 3016 si
1135 2948 1207 3034 quis
1223 2945 1407 3033 probaverit

135 3068 214 3134 mihi
246 3065 327 3134 ἕπλοι
359 3069 538 3154 significare
569 3054 666 3159 posse
700 3070 838 3153 „statio”
868 3070 918 3138 vel
952 3067 1153 3155 „praesidia”
1181 3068 1214 3156 (i.
1238 3088 1264 3134 e.
1287 3064 1406 3134 wacht-

133 3185 240 3275 post);
268 3187 413 3267 „castra”
438 3190 540 3278 enim,
564 3212 627 3276 quo
652 3212 746 3257 sensu
769 3190 929 3257 invenitur
952 3188 1033 3255 ὄπλοι
1060 3190 1095 3271 1,
1115 3185 1359 3268 111,1.3,1,
1379 3186 1405 3250 1.

135 3306 175 3390 6,
199 3306 261 3392 64,
287 3308 334 3385 3.;
359 3328 422 3374 non
447 3307 616 3392 quadrat’'.
641 3309 733 3388 Quod
756 3310 818 3376 nisi
840 3311 888 3376 ita
911 3314 976 3388 est,
992 3310 1042 3390 to·
1057 3305 1154 3382 ὅπλοις
1172 3331 1226 3372 που
1243 3305 1308 3392 (hic
1324 3304 1404 3389 illic)

134 3404 278 3510 pugnare
301 3427 425 3493 videtur
448 3448 520 3497 eum
543 3448 651 3493 rerum
675 3432 763 3494 statu
786 3427 938 3514 Athenis,
962 3448 1046 3512 quae
1069 3425 1146 3493 urbs
1170 3447 1234 3493 non
1258 3425 1310 3493 hic
1333 3424 1400 3491 illic

139 3544 393 3625 custodiebatur,
426 3547 483 3614 sed
509 3548 574 3614 cinci
599 3553 650 3613 τοῦ
674 3548 757 3620 πόλις
780 3544 851 3613 εἶοοιι
874 3548 1001 3631 φρούριον
1023 3546 1153 3622 κοπέστιρ
1177 3547 1213 3632 (ξ
1238 3549 1279 3630 l).
1324 3546 1404 3612 For·

134 3669 222 3731 tasse
252 3687 318 3733 rem
349 3688 410 3733 acu
441 3668 545 3754 tetigit
574 3667 774 3752 Kruegerus,
805 3667 860 3752 qui
891 3668 930 3734 de
958 3665 1118 3733 locutione
1142 3664 1234 3731 ιύκτοι
1258 3666 1400 3730 uessicam

136 3783 201 3850 sic:
240 3785 341 3866 „doch
374 3788 419 3854 ist
452 3787 611 3856 vielleicht
642 3788 735 3855 ούκτοο
766 3787 923 3872 aristolao,
955 3785 1025 3852 eine
1056 3784 1162 3852 Nacht
1191 3783 1400 3868 hinbringen,

135 3902 226 3970 nicht
256 3905 486 3974 unstattbaft''.
532 3906 623 3986 Quod
655 3907 684 3973 si
714 3927 824 3972 verum
846 3910 911 3990 est,
935 3902 990 3970 πού
1012 3902 1087 3969 libri
1109 3916 1131 3969 Β
1156 3900 1328 3970 correctori
1352 3904 1402 3966 est

133 4023 390 4108 relinquendum.

178 4139 202 4232 ξ
225 4142 254 4208 3.
277 4141 369 4229 Vulg.
393 4143 442 4208 κοιὶ
459 4143 508 4209 τὸν
524 4143 694 4226 ποιροὶλομοο
708 4149 842 4210 τοσοῦτοι
859 4143 978 4219 ποιῆσαί
993 4142 1186 4229 (Ἀθηναίους)
1202 4146 1261 4212 τοῖς
1274 4138 1401 4214 Ἕλλησι

165 4411 193 4475 1)
211 4411 243 4462 ci.
261 4411 354 4475 Poppo.
375 4423 435 4473 pars
453 4409 487 4459 11.
504 4409 553 4458 vol.
571 4407 582 4459 1
600 4375 658 4479 pag}
678 4406 733 4460 131.
