3098 4988
812 581 883 646 XII.

264 817 324 883 Tit.
348 817 414 884 Liv.
436 818 458 883 l.
482 816 590 884 XXIII
613 840 638 885 e.
663 818 705 885 38
729 824 749 902 5
773 820 810 885 7:

540 964 679 1050 Captivis
701 966 736 1031 in
757 965 884 1034 vincula
906 966 1021 1034 eundi
1040 965 1151 1051 jussIs.

263 1110 464 1198 Corrigatur:
488 1113 622 1179 conici.

801 1352 889 1417 XIII.

263 1587 296 1653 Ο.
319 1587 414 1657 Corn.
437 1588 513 1655 Tae.
537 1589 645 1673 Agrie.
669 1611 695 1657 e.
719 1594 782 1658 28:

518 1738 564 1806 Aa
588 1761 684 1826 saepe
706 1743 858 1825 victores,
883 1741 1056 1826 aliquando
1080 1740 1176 1827 pulsi.

263 1881 447 1967 Lugendum
469 1890 534 1952 est:
559 1906 596 1953 ae
619 1887 792 1972 aliquando
814 1889 968 1973 victores,
992 1908 1088 1973 saepe
1111 1887 1207 1973 pulsi.

808 2139 890 2205 XIV.

262 2388 297 2453 P.
321 2388 414 2474 Verg.
438 2389 518 2456 Mar.
541 2390 669 2457 Aeneid.
692 2391 711 2456 l.
737 2390 780 2457 VI
803 2413 850 2458 vv.
875 2393 940 2457 210
963 2394 996 2456 et
1019 2390 1102 2457 211:

427 2537 567 2623 Corripit
589 2538 713 2606 Aeneas
737 2537 897 2623 extemplo
921 2538 1095 2622 avidusque
1117 2534 1265 2619 refringit

427 2689 677 2757 Cunctantem
700 2695 732 2757 et
754 2690 836 2756 vatis
859 2693 968 2773 portat
990 2688 1049 2754 sub
1072 2692 1161 2753 teuta
1184 2682 1336 2770 Sibyllae.

256 2820 322 2901 ¹Pro
347 2842 591 2904 cunctantem
614 2837 818 2905 scribendum
841 2840 891 2904 est
912 2840 1126 2903 nutantem.

809 3084 876 3150 XV.

261 3293 427 3360 Sententia
457 3314 522 3377 qua
551 3294 619 3380 jam
645 3298 721 3361 ante
744 3315 863 3361 annum
886 3294 951 3361 449
976 3315 1004 3360 a.
1027 3293 1061 3362 G.
1085 3314 1117 3360 n.
1141 3291 1278 3359 tribunis
1300 3288 1406 3375 plebis
1426 3290 1483 3376 jus

215 3441 315 3509 fuisse
346 3442 499 3509 statuitur
529 3442 634 3526 legum
664 3441 868 3509 ferendarum
899 3442 996 3509 etiam
1027 3442 1055 3507 si
1085 3446 1195 3526 patres
1228 3443 1377 3507 auctores
1401 3438 1482 3510 facti

214 3611 279 3658 non
302 3597 426 3678 essent,
450 3591 655 3659 confirmatur
678 3592 775 3660 rebus
799 3612 819 3659 a
841 3591 931 3659 Livio
953 3590 1090 3660 traditis.

802 3841 885 3908 XVI.

258 4078 503 4146 Assentiendum
526 4099 591 4144 non
613 4085 663 4147 est
684 4079 882 4148 Mommseno
903 4079 1082 4166 perhibenti
1096 4079 1216 4147 bellum
1231 4079 1475 4148 Macedonicum

214 4226 386 4295 seeundum
420 4247 441 4291 a
475 4226 626 4293 Romanis
657 4246 727 4292 esse
758 4233 940 4312 susceptum
970 4248 1035 4312 quo
1064 4227 1247 4295 libertatem
1278 4227 1478 4296 Graecorum

213 4375 420 4442 vindicarent
