<?xml version="1.0" encoding="UTF-8"?>
<!DOCTYPE html PUBLIC "-//W3C//DTD XHTML 1.0 Transitional//EN"
    "http://www.w3.org/TR/xhtml1/DTD/xhtml1-transitional.dtd">
<html xmlns="http://www.w3.org/1999/xhtml" xml:lang="en" lang="en">
 <head>
  <title>
</title>
<meta http-equiv="Content-Type" content="text/html;charset=utf-8" />
  <meta name='ocr-system' content='tesseract 3.04.00' />
  <meta name='ocr-capabilities' content='ocr_page ocr_carea ocr_par ocr_line ocrx_word'/>
</head>
<body>
  <div class='ocr_page' id='page_1' title='image "./dethucydidisvat00vallgoog_0045.png"; bbox 0 0 3098 4988; ppageno 0'>
   <div class='ocr_carea' id='block_1_1' title="bbox 749 301 793 374">
    <p class='ocr_par' dir='ltr' id='par_1_1' title="bbox 749 301 793 374">
     <span class='ocr_line' id='line_1_1' title="bbox 749 301 793 374; baseline 0 0"><span class='ocrx_word' id='word_1_1' title='bbox 749 301 793 374; x_wconf 76' lang='lat'><strong>25</strong></span> 
     </span>
    </p>
   </div>
   <div class='ocr_carea' id='block_1_2' title="bbox 135 530 1404 754">
    <p class='ocr_par' dir='ltr' id='par_1_2' title="bbox 135 530 1404 754">
     <span class='ocr_line' id='line_1_2' title="bbox 135 530 1404 632; baseline -0.006 -18"><span class='ocrx_word' id='word_1_2' title='bbox 135 544 318 628; x_wconf 68' lang='grc' dir='ltr'><strong>ἀντιπρώροις</strong></span> <span class='ocrx_word' id='word_1_3' title='bbox 348 547 500 628; x_wconf 76' lang='grc' dir='ltr'><em>χρώμενοι.</em></span> <span class='ocrx_word' id='word_1_4' title='bbox 546 559 568 612; x_wconf 92' lang='grc' dir='ltr'>Β</span> <span class='ocrx_word' id='word_1_5' title='bbox 594 547 668 632; x_wconf 86' lang='lat' dir='ltr'><strong>jure</strong></span> <span class='ocrx_word' id='word_1_6' title='bbox 691 545 809 614; x_wconf 81' lang='lat' dir='ltr'><strong>omittit</strong></span> <span class='ocrx_word' id='word_1_7' title='bbox 831 545 969 624; x_wconf 76' lang='grc' dir='ltr'><em>ἠμύνοντο</em></span> <span class='ocrx_word' id='word_1_8' title='bbox 993 552 1027 613; x_wconf 86' lang='lat' dir='ltr'><strong>et</strong></span> <span class='ocrx_word' id='word_1_9' title='bbox 1048 570 1102 630; x_wconf 91' lang='grc' dir='ltr'><strong>τε,</strong></span> <span class='ocrx_word' id='word_1_10' title='bbox 1124 548 1160 610; x_wconf 86' lang='lat' dir='ltr'><strong>ut</strong></span> <span class='ocrx_word' id='word_1_11' title='bbox 1183 542 1294 611; x_wconf 77' lang='lat' dir='ltr'><strong>Valla:</strong></span> <span class='ocrx_word' id='word_1_12' title='bbox 1321 530 1404 622; x_wconf 75' lang='lat' dir='ltr'><strong>„Eos</strong></span> 
     </span>
     <span class='ocr_line' id='line_1_3' title="bbox 135 665 870 754; baseline -0.001 -21"><span class='ocrx_word' id='word_1_13' title='bbox 135 665 331 754; x_wconf 79' lang='lat' dir='ltr'>Syracusani</span> <span class='ocrx_word' id='word_1_14' title='bbox 353 666 547 752; x_wconf 82' lang='lat' dir='ltr'><strong>excipientes</strong></span> <span class='ocrx_word' id='word_1_15' title='bbox 570 666 713 735; x_wconf 80' lang='lat' dir='ltr'><strong>adversis</strong></span> <span class='ocrx_word' id='word_1_16' title='bbox 736 665 870 753; x_wconf 86' lang='lat' dir='ltr'><strong>proris&#39;&#39;.</strong></span> 
     </span>
    </p>
   </div>
   <div class='ocr_carea' id='block_1_3' title="bbox 134 899 1411 2538">
    <p class='ocr_par' dir='ltr' id='par_1_3' title="bbox 134 899 1411 2538">
     <span class='ocr_line' id='line_1_4' title="bbox 182 899 1407 993; baseline -0.006 -23"><span class='ocrx_word' id='word_1_17' title='bbox 182 902 289 988; x_wconf 78' lang='lat' dir='ltr'><strong>Caput</strong></span> <span class='ocrx_word' id='word_1_18' title='bbox 318 903 359 968; x_wconf 83' lang='lat'><strong>41</strong></span> <span class='ocrx_word' id='word_1_19' title='bbox 392 900 416 993; x_wconf 64' lang='grc' dir='ltr'>ξ</span> <span class='ocrx_word' id='word_1_20' title='bbox 446 904 478 972; x_wconf 91' lang='grc'><strong>4.</strong></span> <span class='ocrx_word' id='word_1_21' title='bbox 510 902 600 989; x_wconf 82' lang='lat' dir='ltr'><strong>Vulg.</strong></span> <span class='ocrx_word' id='word_1_22' title='bbox 738 905 763 969; x_wconf 86' lang='lat' dir='ltr'><strong>ci</strong></span> <span class='ocrx_word' id='word_1_23' title='bbox 787 903 953 985; x_wconf 80' lang='grc' dir='ltr'><em>Συρακίσιοι</em></span> <span class='ocrx_word' id='word_1_24' title='bbox 1078 899 1183 982; x_wconf 73' lang='grc' dir='ltr'><em>ἄνδρας</em></span> <span class='ocrx_word' id='word_1_25' title='bbox 1206 926 1241 966; x_wconf 91' lang='grc' dir='ltr'><strong>τε</strong></span> <span class='ocrx_word' id='word_1_26' title='bbox 1263 899 1329 972; x_wconf 78' lang='grc' dir='ltr'><em>τοὺς</em></span> <span class='ocrx_word' id='word_1_27' title='bbox 1352 899 1407 978; x_wconf 78' lang='grc' dir='ltr'><strong>μὲν</strong></span> 
     </span>
     <span class='ocr_line' id='line_1_5' title="bbox 134 1021 1408 1110; baseline -0.005 -20"><span class='ocrx_word' id='word_1_28' title='bbox 134 1021 292 1096; x_wconf 77' lang='grc' dir='ltr'><em>πολλοὺς</em></span> <span class='ocrx_word' id='word_1_29' title='bbox 323 1021 543 1110; x_wconf 73' lang='grc' dir='ltr'><strong>ζωγρήσαντες,</strong></span> <span class='ocrx_word' id='word_1_30' title='bbox 575 1025 641 1097; x_wconf 83' lang='grc' dir='ltr'><em>τοὺς</em></span> <span class='ocrx_word' id='word_1_31' title='bbox 671 1025 695 1090; x_wconf 80' lang='grc' dir='ltr'><strong>δ’</strong></span> <span class='ocrx_word' id='word_1_32' title='bbox 726 1024 951 1097; x_wconf 67' lang='grc' dir='ltr'><strong>ἀποκτείναντες</strong></span> <span class='ocrx_word' id='word_1_33' title='bbox 978 1021 1195 1105; x_wconf 64' lang='grc' dir='ltr'><em>ἀπεχώρησαν,</em></span> <span class='ocrx_word' id='word_1_34' title='bbox 1220 1031 1242 1086; x_wconf 92' lang='grc' dir='ltr'>Β</span> <span class='ocrx_word' id='word_1_35' title='bbox 1266 1039 1331 1086; x_wconf 91' lang='lat' dir='ltr'><strong>non</strong></span> <span class='ocrx_word' id='word_1_36' title='bbox 1353 1039 1408 1085; x_wconf 85' lang='lat' dir='ltr'><strong>ex·</strong></span> 
     </span>
     <span class='ocr_line' id='line_1_6' title="bbox 138 1137 1407 1228; baseline 0 -22"><span class='ocrx_word' id='word_1_37' title='bbox 138 1140 233 1207; x_wconf 92' lang='lat' dir='ltr'><strong>hibet</strong></span> <span class='ocrx_word' id='word_1_38' title='bbox 269 1140 406 1214; x_wconf 75' lang='lat' dir='ltr'><strong>aoaaoda</strong></span> <span class='ocrx_word' id='word_1_39' title='bbox 451 1140 616 1219; x_wconf 87' lang='lat' dir='ltr'><strong>Haackio,</strong></span> <span class='ocrx_word' id='word_1_40' title='bbox 657 1143 712 1228; x_wconf 91' lang='lat' dir='ltr'><strong>qui</strong></span> <span class='ocrx_word' id='word_1_41' title='bbox 745 1140 908 1228; x_wconf 79' lang='lat' dir='ltr'>vulgatam</span> <span class='ocrx_word' id='word_1_42' title='bbox 942 1145 1065 1218; x_wconf 82' lang='lat' dir='ltr'><strong>tuetur.</strong></span> <span class='ocrx_word' id='word_1_43' title='bbox 1107 1138 1243 1225; x_wconf 89' lang='lat' dir='ltr'><strong>opponit</strong></span> <span class='ocrx_word' id='word_1_44' title='bbox 1277 1137 1407 1223; x_wconf 88' lang='lat' dir='ltr'><strong>Poppo:</strong></span> 
     </span>
     <span class='ocr_line' id='line_1_7' title="bbox 140 1255 1409 1348; baseline -0.002 -23"><span class='ocrx_word' id='word_1_45' title='bbox 140 1259 207 1341; x_wconf 83' lang='lat' dir='ltr'><strong>„At</strong></span> <span class='ocrx_word' id='word_1_46' title='bbox 230 1260 410 1344; x_wconf 87' lang='lat' dir='ltr'><strong>quaeritur,</strong></span> <span class='ocrx_word' id='word_1_47' title='bbox 434 1261 565 1344; x_wconf 89' lang='lat' dir='ltr'><strong>quinam</strong></span> <span class='ocrx_word' id='word_1_48' title='bbox 589 1261 654 1329; x_wconf 86' lang='lat' dir='ltr'><strong>sint</strong></span> <span class='ocrx_word' id='word_1_49' title='bbox 675 1259 740 1343; x_wconf 87' lang='lat' dir='ltr'><strong>illi,</strong></span> <span class='ocrx_word' id='word_1_50' title='bbox 763 1281 899 1345; x_wconf 90' lang='lat' dir='ltr'><strong>quorum</strong></span> <span class='ocrx_word' id='word_1_51' title='bbox 920 1258 1068 1348; x_wconf 77' lang='lat' dir='ltr'><strong>plerique</strong></span> <span class='ocrx_word' id='word_1_52' title='bbox 1099 1258 1137 1343; x_wconf 77' lang='grc' dir='ltr'><strong>(οἱ</strong></span> <span class='ocrx_word' id='word_1_53' title='bbox 1164 1257 1279 1342; x_wconf 65' lang='lat' dir='ltr'><strong>acaci)</strong></span> <span class='ocrx_word' id='word_1_54' title='bbox 1302 1255 1409 1322; x_wconf 88' lang='lat' dir='ltr'><strong>dicun·</strong></span> 
     </span>
     <span class='ocr_line' id='line_1_8' title="bbox 134 1374 1408 1462; baseline -0.005 -17"><span class='ocrx_word' id='word_1_55' title='bbox 134 1382 193 1445; x_wconf 88' lang='lat' dir='ltr'><strong>tur</strong></span> <span class='ocrx_word' id='word_1_56' title='bbox 221 1376 273 1444; x_wconf 83' lang='lat' dir='ltr'><strong>vel</strong></span> <span class='ocrx_word' id='word_1_57' title='bbox 308 1377 396 1462; x_wconf 86' lang='lat' dir='ltr'><strong>capti</strong></span> <span class='ocrx_word' id='word_1_58' title='bbox 429 1378 478 1445; x_wconf 84' lang='lat' dir='ltr'><strong>vel</strong></span> <span class='ocrx_word' id='word_1_59' title='bbox 512 1377 673 1446; x_wconf 81' lang='lat' dir='ltr'><strong>interfecti</strong></span> <span class='ocrx_word' id='word_1_60' title='bbox 706 1399 783 1447; x_wconf 89' lang='lat' dir='ltr'><strong>esse.</strong></span> <span class='ocrx_word' id='word_1_61' title='bbox 830 1379 946 1446; x_wconf 87' lang='lat' dir='ltr'><strong>Utrum</strong></span> <span class='ocrx_word' id='word_1_62' title='bbox 980 1376 1222 1445; x_wconf 80' lang='lat' dir='ltr'><strong>Atheniensium</strong></span> <span class='ocrx_word' id='word_1_63' title='bbox 1256 1374 1408 1443; x_wconf 78' lang='lat' dir='ltr'><strong>omnino?</strong></span> 
     </span>
     <span class='ocr_line' id='line_1_9' title="bbox 135 1494 1409 1579; baseline -0.004 -18"><span class='ocrx_word' id='word_1_64' title='bbox 135 1495 182 1562; x_wconf 84' lang='lat' dir='ltr'><strong>At</strong></span> <span class='ocrx_word' id='word_1_65' title='bbox 220 1494 270 1561; x_wconf 90' lang='lat' dir='ltr'><strong>ita</strong></span> <span class='ocrx_word' id='word_1_66' title='bbox 306 1495 466 1563; x_wconf 81' lang='lat' dir='ltr'><strong>sententis</strong></span> <span class='ocrx_word' id='word_1_67' title='bbox 502 1495 684 1567; x_wconf 83' lang='lat' dir='ltr'><strong>falsissima.</strong></span> <span class='ocrx_word' id='word_1_68' title='bbox 740 1498 792 1564; x_wconf 84' lang='lat' dir='ltr'><strong>An</strong></span> <span class='ocrx_word' id='word_1_69' title='bbox 828 1496 1017 1579; x_wconf 69' lang='grc' dir='ltr'><em>πληρώματα</em></span> <span class='ocrx_word' id='word_1_70' title='bbox 1059 1495 1187 1563; x_wconf 86' lang='lat' dir='ltr'><strong>narium</strong></span> <span class='ocrx_word' id='word_1_71' title='bbox 1224 1494 1409 1561; x_wconf 84' lang='lat' dir='ltr'><strong>laesarum?</strong></span> 
     </span>
     <span class='ocr_line' id='line_1_10' title="bbox 135 1611 1411 1704; baseline -0.003 -25"><span class='ocrx_word' id='word_1_72' title='bbox 135 1613 183 1680; x_wconf 79' lang='lat' dir='ltr'><strong>At</strong></span> <span class='ocrx_word' id='word_1_73' title='bbox 214 1633 321 1697; x_wconf 88' lang='lat' dir='ltr'><strong>neque</strong></span> <span class='ocrx_word' id='word_1_74' title='bbox 351 1613 403 1681; x_wconf 87' lang='lat' dir='ltr'><strong>his</strong></span> <span class='ocrx_word' id='word_1_75' title='bbox 432 1616 552 1701; x_wconf 87' lang='lat' dir='ltr'><strong>potitos</strong></span> <span class='ocrx_word' id='word_1_76' title='bbox 583 1638 653 1685; x_wconf 91' lang='lat' dir='ltr'><strong>esse</strong></span> <span class='ocrx_word' id='word_1_77' title='bbox 686 1617 905 1704; x_wconf 82' lang='lat' dir='ltr'><strong>Syracusanos</strong></span> <span class='ocrx_word' id='word_1_78' title='bbox 937 1616 1101 1696; x_wconf 87' lang='lat' dir='ltr'><strong>audimus,</strong></span> <span class='ocrx_word' id='word_1_79' title='bbox 1132 1619 1164 1682; x_wconf 89' lang='lat' dir='ltr'><strong>et</strong></span> <span class='ocrx_word' id='word_1_80' title='bbox 1195 1613 1241 1679; x_wconf 92' lang='lat' dir='ltr'><strong>sic</strong></span> <span class='ocrx_word' id='word_1_81' title='bbox 1271 1613 1337 1685; x_wconf 78' lang='grc' dir='ltr'><em>τοὺς</em></span> <span class='ocrx_word' id='word_1_82' title='bbox 1367 1611 1411 1696; x_wconf 79' lang='grc' dir='ltr'><strong>(ἐν</strong></span> 
     </span>
     <span class='ocr_line' id='line_1_11' title="bbox 136 1728 1408 1817; baseline -0.003 -19"><span class='ocrx_word' id='word_1_83' title='bbox 136 1734 254 1817; x_wconf 80' lang='grc' dir='ltr'><em>αὐτοῖς)</em></span> <span class='ocrx_word' id='word_1_84' title='bbox 286 1730 392 1814; x_wconf 71' lang='grc' dir='ltr'><em>ἄνδρας</em></span> <span class='ocrx_word' id='word_1_85' title='bbox 425 1733 594 1801; x_wconf 90' lang='lat' dir='ltr'><strong>dicendum</strong></span> <span class='ocrx_word' id='word_1_86' title='bbox 631 1740 724 1803; x_wconf 88' lang='lat' dir='ltr'><strong>esset.</strong></span> <span class='ocrx_word' id='word_1_87' title='bbox 771 1734 925 1814; x_wconf 84' lang='lat' dir='ltr'><strong>Qualibus</strong></span> <span class='ocrx_word' id='word_1_88' title='bbox 959 1733 1026 1802; x_wconf 85' lang='lat' dir='ltr'><strong>fere</strong></span> <span class='ocrx_word' id='word_1_89' title='bbox 1056 1730 1237 1801; x_wconf 81' lang='lat' dir='ltr'><strong>rationibus</strong></span> <span class='ocrx_word' id='word_1_90' title='bbox 1269 1728 1408 1815; x_wconf 89' lang='lat' dir='ltr'><strong>permoti</strong></span> 
     </span>
     <span class='ocr_line' id='line_1_12' title="bbox 136 1848 1411 1941; baseline -0.002 -25"><span class='ocrx_word' id='word_1_91' title='bbox 136 1849 242 1917; x_wconf 86' lang='lat' dir='ltr'><strong>Behh.</strong></span> <span class='ocrx_word' id='word_1_92' title='bbox 277 1855 311 1917; x_wconf 86' lang='lat' dir='ltr'><strong>et</strong></span> <span class='ocrx_word' id='word_1_93' title='bbox 344 1850 444 1920; x_wconf 83' lang='lat' dir='ltr'><strong>Goell.</strong></span> <span class='ocrx_word' id='word_1_94' title='bbox 478 1855 622 1941; x_wconf 70' lang='lat' dir='ltr'><strong>creareris,</strong></span> <span class='ocrx_word' id='word_1_95' title='bbox 662 1855 748 1940; x_wconf 89' lang='lat' dir='ltr'><strong>quod</strong></span> <span class='ocrx_word' id='word_1_96' title='bbox 782 1855 885 1922; x_wconf 87' lang='lat' dir='ltr'><strong>Wass.</strong></span> <span class='ocrx_word' id='word_1_97' title='bbox 920 1853 1107 1921; x_wconf 87' lang='lat' dir='ltr'><strong>mendosum</strong></span> <span class='ocrx_word' id='word_1_98' title='bbox 1144 1848 1304 1937; x_wconf 85' lang='lat' dir='ltr'><strong>appellat,</strong></span> <span class='ocrx_word' id='word_1_99' title='bbox 1327 1856 1411 1914; x_wconf 71' lang='lat' dir='ltr'><strong>‘rur-</strong></span> 
     </span>
     <span class='ocr_line' id='line_1_13' title="bbox 143 1967 1410 2059; baseline 0.003 -23"><span class='ocrx_word' id='word_1_100' title='bbox 143 1990 201 2036; x_wconf 87' lang='lat' dir='ltr'><strong>sus</strong></span> <span class='ocrx_word' id='word_1_101' title='bbox 235 1968 442 2038; x_wconf 86' lang='lat' dir='ltr'><strong>omiserunt”.</strong></span> <span class='ocrx_word' id='word_1_102' title='bbox 487 1973 557 2040; x_wconf 87' lang='lat' dir='ltr'><strong>Etsi</strong></span> <span class='ocrx_word' id='word_1_103' title='bbox 590 1974 639 2040; x_wconf 89' lang='lat' dir='ltr'><strong>rir</strong></span> <span class='ocrx_word' id='word_1_104' title='bbox 672 1974 786 2041; x_wconf 90' lang='lat' dir='ltr'><strong>doctus</strong></span> <span class='ocrx_word' id='word_1_105' title='bbox 819 1979 907 2042; x_wconf 89' lang='lat' dir='ltr'><strong>recte</strong></span> <span class='ocrx_word' id='word_1_106' title='bbox 941 1973 1049 2059; x_wconf 76' lang='lat' dir='ltr'><strong>arguit</strong></span> <span class='ocrx_word' id='word_1_107' title='bbox 1083 1977 1196 2038; x_wconf 88' lang='lat' dir='ltr'><strong>contra</strong></span> <span class='ocrx_word' id='word_1_108' title='bbox 1229 1967 1410 2053; x_wconf 72' lang='lat' dir='ltr'><strong>vulgatam,</strong></span> 
     </span>
     <span class='ocr_line' id='line_1_14' title="bbox 143 2086 1410 2175; baseline -0.004 -19"><span class='ocrx_word' id='word_1_109' title='bbox 143 2093 258 2156; x_wconf 87' lang='lat' dir='ltr'><strong>tamen</strong></span> <span class='ocrx_word' id='word_1_110' title='bbox 296 2109 361 2155; x_wconf 91' lang='lat' dir='ltr'><strong>uon</strong></span> <span class='ocrx_word' id='word_1_111' title='bbox 400 2090 561 2175; x_wconf 84' lang='lat' dir='ltr'><strong>sequitur,</strong></span> <span class='ocrx_word' id='word_1_112' title='bbox 599 2088 653 2158; x_wconf 70' lang='lat' dir='ltr'><strong>ut&#39;</strong></span> <span class='ocrx_word' id='word_1_113' title='bbox 670 2090 846 2160; x_wconf 76' lang='lat' dir='ltr'><strong>Vaticanus</strong></span> <span class='ocrx_word' id='word_1_114' title='bbox 879 2092 914 2159; x_wconf 90' lang='lat' dir='ltr'><strong>in</strong></span> <span class='ocrx_word' id='word_1_115' title='bbox 948 2090 1085 2159; x_wconf 86' lang='lat' dir='ltr'><strong>delenda</strong></span> <span class='ocrx_word' id='word_1_116' title='bbox 1117 2109 1193 2157; x_wconf 85' lang='lat' dir='ltr'><strong>voce</strong></span> <span class='ocrx_word' id='word_1_117' title='bbox 1227 2086 1410 2172; x_wconf 85' lang='lat' dir='ltr'><strong>sequendus</strong></span> 
     </span>
     <span class='ocr_line' id='line_1_15' title="bbox 141 2207 1409 2299; baseline -0.003 -24"><span class='ocrx_word' id='word_1_118' title='bbox 141 2207 196 2275; x_wconf 89' lang='lat' dir='ltr'><strong>sit.</strong></span> <span class='ocrx_word' id='word_1_119' title='bbox 242 2207 294 2275; x_wconf 88' lang='lat' dir='ltr'><strong>Me</strong></span> <span class='ocrx_word' id='word_1_120' title='bbox 321 2207 430 2294; x_wconf 87' lang='lat' dir='ltr'><strong>judice</strong></span> <span class='ocrx_word' id='word_1_121' title='bbox 459 2209 550 2278; x_wconf 91' lang='lat' dir='ltr'><strong>locus</strong></span> <span class='ocrx_word' id='word_1_122' title='bbox 575 2210 666 2279; x_wconf 91' lang='lat' dir='ltr'><strong>hicce</strong></span> <span class='ocrx_word' id='word_1_123' title='bbox 697 2213 825 2299; x_wconf 77' lang='lat' dir='ltr'><strong>egregio</strong></span> <span class='ocrx_word' id='word_1_124' title='bbox 854 2211 948 2280; x_wconf 90' lang='lat' dir='ltr'><strong>nohis</strong></span> <span class='ocrx_word' id='word_1_125' title='bbox 971 2218 1020 2279; x_wconf 86' lang='lat' dir='ltr'><strong>est</strong></span> <span class='ocrx_word' id='word_1_126' title='bbox 1042 2211 1249 2293; x_wconf 91' lang='lat' dir='ltr'><strong>documento,</strong></span> <span class='ocrx_word' id='word_1_127' title='bbox 1274 2225 1338 2291; x_wconf 89' lang='lat' dir='ltr'><strong>quo</strong></span> <span class='ocrx_word' id='word_1_128' title='bbox 1368 2217 1409 2285; x_wconf 84' lang='grc' dir='ltr'><strong>Β,</strong></span> 
     </span>
     <span class='ocr_line' id='line_1_16' title="bbox 140 2324 1408 2417; baseline 0 -23"><span class='ocrx_word' id='word_1_129' title='bbox 140 2330 180 2394; x_wconf 90' lang='lat' dir='ltr'><strong>ut</strong></span> <span class='ocrx_word' id='word_1_130' title='bbox 207 2327 381 2413; x_wconf 90' lang='lat' dir='ltr'><strong>sehabet,</strong></span> <span class='ocrx_word' id='word_1_131' title='bbox 404 2348 470 2395; x_wconf 91' lang='lat' dir='ltr'><strong>non</strong></span> <span class='ocrx_word' id='word_1_132' title='bbox 493 2349 533 2396; x_wconf 84' lang='lat' dir='ltr'><strong>ex</strong></span> <span class='ocrx_word' id='word_1_133' title='bbox 556 2331 692 2416; x_wconf 93' lang='lat' dir='ltr'><strong>optimo,</strong></span> <span class='ocrx_word' id='word_1_134' title='bbox 715 2333 772 2417; x_wconf 88' lang='lat' dir='ltr'><strong>qui</strong></span> <span class='ocrx_word' id='word_1_135' title='bbox 794 2338 939 2401; x_wconf 86' lang='lat' dir='ltr'><strong>aetatem·</strong></span> <span class='ocrx_word' id='word_1_136' title='bbox 955 2352 1021 2400; x_wconf 90' lang='lat' dir='ltr'><strong>non</strong></span> <span class='ocrx_word' id='word_1_137' title='bbox 1042 2330 1132 2412; x_wconf 84' lang='lat' dir='ltr'><strong>tuht,</strong></span> <span class='ocrx_word' id='word_1_138' title='bbox 1155 2327 1239 2395; x_wconf 92' lang='lat' dir='ltr'><strong>libro</strong></span> <span class='ocrx_word' id='word_1_139' title='bbox 1261 2324 1408 2410; x_wconf 86' lang='lat' dir='ltr'><strong>fluxisse,</strong></span> 
     </span>
     <span class='ocr_line' id='line_1_17' title="bbox 141 2445 1409 2538; baseline 0 -25"><span class='ocrx_word' id='word_1_140' title='bbox 141 2445 200 2513; x_wconf 89' lang='lat' dir='ltr'><strong>sed</strong></span> <span class='ocrx_word' id='word_1_141' title='bbox 232 2447 406 2515; x_wconf 88' lang='lat' dir='ltr'><strong>correctori</strong></span> <span class='ocrx_word' id='word_1_142' title='bbox 435 2468 555 2534; x_wconf 79' lang='lat' dir='ltr'><strong>magna</strong></span> <span class='ocrx_word' id='word_1_143' title='bbox 583 2471 644 2535; x_wconf 90' lang='lat' dir='ltr'><strong>pro</strong></span> <span class='ocrx_word' id='word_1_144' title='bbox 671 2456 765 2536; x_wconf 85' lang='lat' dir='ltr'><strong>perte</strong></span> <span class='ocrx_word' id='word_1_145' title='bbox 788 2457 955 2538; x_wconf 90' lang='lat' dir='ltr'><strong>acceptum</strong></span> <span class='ocrx_word' id='word_1_146' title='bbox 985 2448 1187 2517; x_wconf 86' lang='lat' dir='ltr'><strong>referendum</strong></span> <span class='ocrx_word' id='word_1_147' title='bbox 1217 2467 1288 2514; x_wconf 84' lang='lat' dir='ltr'><strong>sese</strong></span> <span class='ocrx_word' id='word_1_148' title='bbox 1311 2467 1409 2532; x_wconf 88' lang='lat' dir='ltr'><strong>appa-</strong></span> 
     </span>
    </p>
   </div>
   <div class='ocr_carea' id='block_1_4' title="bbox 141 2562 1411 3348">
    <p class='ocr_par' dir='ltr' id='par_1_4' title="bbox 141 2562 1411 3348">
     <span class='ocr_line' id='line_1_18' title="bbox 141 2562 1411 2657; baseline -0.001 -27"><span class='ocrx_word' id='word_1_149' title='bbox 141 2569 226 2631; x_wconf 88' lang='lat' dir='ltr'><strong>reat.</strong></span> <span class='ocrx_word' id='word_1_150' title='bbox 272 2562 472 2632; x_wconf 84' lang='lat' dir='ltr'><strong>Vocabulum</strong></span> <span class='ocrx_word' id='word_1_151' title='bbox 511 2567 595 2635; x_wconf 86' lang='lat' dir='ltr'><strong>enim</strong></span> <span class='ocrx_word' id='word_1_152' title='bbox 629 2569 662 2635; x_wconf 94' lang='lat' dir='ltr'><strong>in</strong></span> <span class='ocrx_word' id='word_1_153' title='bbox 696 2571 826 2657; x_wconf 85' lang='lat' dir='ltr'><strong>vulgata</strong></span> <span class='ocrx_word' id='word_1_154' title='bbox 863 2568 1032 2638; x_wconf 86' lang='lat' dir='ltr'><strong>abundans</strong></span> <span class='ocrx_word' id='word_1_155' title='bbox 1066 2589 1087 2635; x_wconf 85' lang='lat' dir='ltr'><strong>a</strong></span> <span class='ocrx_word' id='word_1_156' title='bbox 1120 2564 1268 2633; x_wconf 84' lang='lat' dir='ltr'><strong>Vaticani</strong></span> <span class='ocrx_word' id='word_1_157' title='bbox 1305 2584 1411 2631; x_wconf 89' lang='lat' dir='ltr'><strong>emen-</strong></span> 
     </span>
     <span class='ocr_line' id='line_1_19' title="bbox 142 2681 1409 2775; baseline -0.002 -25"><span class='ocrx_word' id='word_1_158' title='bbox 142 2683 257 2750; x_wconf 82' lang='lat' dir='ltr'><strong>datore</strong></span> <span class='ocrx_word' id='word_1_159' title='bbox 279 2703 345 2750; x_wconf 91' lang='lat' dir='ltr'><strong>non</strong></span> <span class='ocrx_word' id='word_1_160' title='bbox 368 2704 554 2770; x_wconf 85' lang='lat' dir='ltr'><strong>expressum</strong></span> <span class='ocrx_word' id='word_1_161' title='bbox 576 2691 642 2775; x_wconf 88' lang='lat' dir='ltr'><strong>est,</strong></span> <span class='ocrx_word' id='word_1_162' title='bbox 665 2690 726 2757; x_wconf 86' lang='lat' dir='ltr'><strong>etsi</strong></span> <span class='ocrx_word' id='word_1_163' title='bbox 749 2711 814 2757; x_wconf 91' lang='lat' dir='ltr'><strong>non</strong></span> <span class='ocrx_word' id='word_1_164' title='bbox 836 2689 933 2775; x_wconf 89' lang='lat' dir='ltr'><strong>plane</strong></span> <span class='ocrx_word' id='word_1_165' title='bbox 956 2687 1164 2775; x_wconf 89' lang='lat' dir='ltr'><strong>rejiciendum</strong></span> <span class='ocrx_word' id='word_1_166' title='bbox 1180 2688 1259 2752; x_wconf 86' lang='lat' dir='ltr'><strong>erat.</strong></span> <span class='ocrx_word' id='word_1_167' title='bbox 1285 2681 1409 2768; x_wconf 87' lang='lat' dir='ltr'><strong>Nempe</strong></span> 
     </span>
     <span class='ocr_line' id='line_1_20' title="bbox 141 2801 1408 2895; baseline -0.002 -25"><span class='ocrx_word' id='word_1_168' title='bbox 141 2801 272 2877; x_wconf 78' lang='grc' dir='ltr'><em>ποαοιοιίς</em></span> <span class='ocrx_word' id='word_1_169' title='bbox 301 2802 408 2871; x_wconf 82' lang='grc' dir='ltr'><em>Ιοοιιιιι</em></span> <span class='ocrx_word' id='word_1_170' title='bbox 438 2827 510 2874; x_wconf 92' lang='lat' dir='ltr'><strong>cum</strong></span> <span class='ocrx_word' id='word_1_171' title='bbox 540 2809 726 2887; x_wconf 85' lang='lat' dir='ltr'><strong>mutaverit,</strong></span> <span class='ocrx_word' id='word_1_172' title='bbox 750 2810 910 2878; x_wconf 88' lang='lat' dir='ltr'><strong>sententia</strong></span> <span class='ocrx_word' id='word_1_173' title='bbox 931 2809 1020 2895; x_wconf 78' lang='lat' dir='ltr'><strong>gravi</strong></span> <span class='ocrx_word' id='word_1_174' title='bbox 1042 2806 1171 2875; x_wconf 87' lang='lat' dir='ltr'><strong>laborat</strong></span> <span class='ocrx_word' id='word_1_175' title='bbox 1193 2802 1321 2884; x_wconf 92' lang='lat' dir='ltr'><strong>morbo,</strong></span> <span class='ocrx_word' id='word_1_176' title='bbox 1344 2823 1408 2887; x_wconf 89' lang='lat' dir='ltr'><strong>quo</strong></span> 
     </span>
     <span class='ocr_line' id='line_1_21' title="bbox 141 2912 1410 3014; baseline -0.003 -26"><span class='ocrx_word' id='word_1_177' title='bbox 141 2927 255 2988; x_wconf 88' lang='lat' dir='ltr'><strong>tamen</strong></span> <span class='ocrx_word' id='word_1_178' title='bbox 278 2912 388 2988; x_wconf 86' lang='lat' dir='ltr'><strong>statim</strong></span> <span class='ocrx_word' id='word_1_179' title='bbox 411 2922 532 2991; x_wconf 87' lang='lat' dir='ltr'><strong>refecta</strong></span> <span class='ocrx_word' id='word_1_180' title='bbox 554 2927 632 3014; x_wconf 85' lang='lat' dir='ltr'><strong>erit,</strong></span> <span class='ocrx_word' id='word_1_181' title='bbox 657 2927 751 2995; x_wconf 90' lang='lat' dir='ltr'><strong>modo</strong></span> <span class='ocrx_word' id='word_1_182' title='bbox 776 2928 919 3014; x_wconf 86' lang='lat' dir='ltr'><strong>legamus</strong></span> <span class='ocrx_word' id='word_1_183' title='bbox 941 2925 1048 3007; x_wconf 75' lang='grc' dir='ltr'><em>ἄνδρας</em></span> <span class='ocrx_word' id='word_1_184' title='bbox 1065 2950 1100 2990; x_wconf 90' lang='grc' dir='ltr'><strong>τε</strong></span> <span class='ocrx_word' id='word_1_185' title='bbox 1115 2922 1258 3007; x_wconf 69' lang='grc' dir='ltr'><em>πολλούς,</em></span> <span class='ocrx_word' id='word_1_186' title='bbox 1274 2921 1340 2993; x_wconf 80' lang='grc' dir='ltr'><em>τοὺς</em></span> <span class='ocrx_word' id='word_1_187' title='bbox 1356 2921 1410 2996; x_wconf 76' lang='grc' dir='ltr'><strong>μὲν</strong></span> 
     </span>
     <span class='ocr_line' id='line_1_22' title="bbox 142 3036 1409 3130; baseline -0.001 -26"><span class='ocrx_word' id='word_1_188' title='bbox 142 3039 345 3121; x_wconf 71' lang='grc' dir='ltr'><em>ζωγρήσαντες</em></span> <span class='ocrx_word' id='word_1_189' title='bbox 375 3041 441 3115; x_wconf 80' lang='grc' dir='ltr'><em>τοὺς</em></span> <span class='ocrx_word' id='word_1_190' title='bbox 471 3042 497 3108; x_wconf 71' lang='grc' dir='ltr'><strong>δ’</strong></span> <span class='ocrx_word' id='word_1_191' title='bbox 528 3045 754 3118; x_wconf 70' lang='grc' dir='ltr'><em>ἀποκτείναντες</em></span> <span class='ocrx_word' id='word_1_192' title='bbox 788 3046 1003 3130; x_wconf 69' lang='grc' dir='ltr'><em>ἀπεχώρησαν,</em></span> <span class='ocrx_word' id='word_1_193' title='bbox 1033 3045 1120 3130; x_wconf 89' lang='lat' dir='ltr'><strong>quod</strong></span> <span class='ocrx_word' id='word_1_194' title='bbox 1155 3043 1253 3109; x_wconf 81' lang='lat' dir='ltr'><strong>etiam</strong></span> <span class='ocrx_word' id='word_1_195' title='bbox 1282 3036 1409 3105; x_wconf 79' lang='lat' dir='ltr'><strong>Vallem</strong></span> 
     </span>
     <span class='ocr_line' id='line_1_23' title="bbox 142 3158 1411 3250; baseline -0.001 -26"><span class='ocrx_word' id='word_1_196' title='bbox 142 3158 262 3244; x_wconf 77' lang='lat' dir='ltr'><strong>legisse</strong></span> <span class='ocrx_word' id='word_1_197' title='bbox 285 3179 344 3244; x_wconf 89' lang='lat' dir='ltr'><strong>pro</strong></span> <span class='ocrx_word' id='word_1_198' title='bbox 367 3165 455 3227; x_wconf 88' lang='lat' dir='ltr'><strong>certo</strong></span> <span class='ocrx_word' id='word_1_199' title='bbox 481 3159 644 3230; x_wconf 82' lang='lat' dir='ltr'><strong>affirmare</strong></span> <span class='ocrx_word' id='word_1_200' title='bbox 665 3164 787 3232; x_wconf 87' lang='lat' dir='ltr'><strong>ausim:</strong></span> <span class='ocrx_word' id='word_1_201' title='bbox 813 3164 1004 3250; x_wconf 87' lang='lat' dir='ltr'><strong>„multisque</strong></span> <span class='ocrx_word' id='word_1_202' title='bbox 1020 3163 1095 3231; x_wconf 83' lang='lat' dir='ltr'><strong>viris</strong></span> <span class='ocrx_word' id='word_1_203' title='bbox 1115 3167 1182 3229; x_wconf 92' lang='lat' dir='ltr'><strong>tum</strong></span> <span class='ocrx_word' id='word_1_204' title='bbox 1199 3158 1320 3244; x_wconf 88' lang='lat' dir='ltr'><strong>captis,</strong></span> <span class='ocrx_word' id='word_1_205' title='bbox 1342 3162 1411 3223; x_wconf 90' lang='lat' dir='ltr'><strong>tam</strong></span> 
     </span>
     <span class='ocr_line' id='line_1_24' title="bbox 143 3278 435 3348; baseline 0 -1"><span class='ocrx_word' id='word_1_206' title='bbox 143 3279 259 3347; x_wconf 87' lang='lat' dir='ltr'><strong>occisis</strong></span> <span class='ocrx_word' id='word_1_207' title='bbox 282 3278 435 3348; x_wconf 84' lang='lat' dir='ltr'><strong>rediere’&#39;.</strong></span> 
     </span>
    </p>
   </div>
   <div class='ocr_carea' id='block_1_5' title="bbox 141 3394 1417 4202">
    <p class='ocr_par' dir='ltr' id='par_1_5' title="bbox 141 3394 1417 4202">
     <span class='ocr_line' id='line_1_25' title="bbox 189 3394 1415 3486; baseline -0.002 -22"><span class='ocrx_word' id='word_1_208' title='bbox 189 3397 272 3467; x_wconf 89' lang='lat' dir='ltr'><strong>Ibid.</strong></span> <span class='ocrx_word' id='word_1_209' title='bbox 295 3398 386 3486; x_wconf 82' lang='lat' dir='ltr'><strong>Vulg.</strong></span> <span class='ocrx_word' id='word_1_210' title='bbox 409 3402 461 3475; x_wconf 72' lang='grc' dir='ltr'><strong>τὴν</strong></span> <span class='ocrx_word' id='word_1_211' title='bbox 488 3401 594 3468; x_wconf 74' lang='grc' dir='ltr'><em>ἐλπίδα</em></span> <span class='ocrx_word' id='word_1_212' title='bbox 622 3402 673 3479; x_wconf 73' lang='grc' dir='ltr'><strong>ἤδη</strong></span> <span class='ocrx_word' id='word_1_213' title='bbox 697 3401 806 3484; x_wconf 75' lang='grc' dir='ltr'><em>ἕχνροὶν</em></span> <span class='ocrx_word' id='word_1_214' title='bbox 829 3398 911 3484; x_wconf 78' lang='grc' dir='ltr'><em>εἶχον</em></span> <span class='ocrx_word' id='word_1_215' title='bbox 933 3407 1002 3474; x_wconf 78' lang='grc' dir='ltr'><em>ταῖς</em></span> <span class='ocrx_word' id='word_1_216' title='bbox 1023 3400 1079 3476; x_wconf 79' lang='grc' dir='ltr'><strong>μὲν</strong></span> <span class='ocrx_word' id='word_1_217' title='bbox 1101 3397 1184 3462; x_wconf 83' lang='grc' dir='ltr'><em>ναυσί</em></span> <span class='ocrx_word' id='word_1_218' title='bbox 1208 3394 1299 3460; x_wconf 82' lang='grc' dir='ltr'><em>πολὺ</em></span> <span class='ocrx_word' id='word_1_219' title='bbox 1321 3399 1415 3476; x_wconf 83' lang='grc' dir='ltr'><em>κρείσ-</em></span> 
     </span>
     <span class='ocr_line' id='line_1_26' title="bbox 142 3513 1414 3605; baseline 0 -22"><span class='ocrx_word' id='word_1_220' title='bbox 142 3541 210 3588; x_wconf 74' lang='grc' dir='ltr'><em>σονς</em></span> <span class='ocrx_word' id='word_1_221' title='bbox 233 3513 323 3595; x_wconf 79' lang='grc' dir='ltr'><em>εἶναι,</em></span> <span class='ocrx_word' id='word_1_222' title='bbox 349 3519 487 3586; x_wconf 76' lang='grc' dir='ltr'><em>ἐδόκουν</em></span> <span class='ocrx_word' id='word_1_223' title='bbox 511 3519 540 3585; x_wconf 71' lang='lat' dir='ltr'><strong>di</strong></span> <span class='ocrx_word' id='word_1_224' title='bbox 562 3520 611 3586; x_wconf 86' lang='grc' dir='ltr'><strong>καί</strong></span> <span class='ocrx_word' id='word_1_225' title='bbox 635 3520 684 3587; x_wconf 75' lang='grc' dir='ltr'><em>τὸν</em></span> <span class='ocrx_word' id='word_1_226' title='bbox 707 3520 792 3602; x_wconf 76' lang='grc' dir='ltr'><em>πεζὸν</em></span> <span class='ocrx_word' id='word_1_227' title='bbox 815 3520 1020 3605; x_wconf 70' lang='grc' dir='ltr'><em>χειρώσεσθαι,</em></span> <span class='ocrx_word' id='word_1_228' title='bbox 1040 3516 1219 3585; x_wconf 80' lang='grc' dir='ltr'><em>3....καί</em></span> <span class='ocrx_word' id='word_1_229' title='bbox 1243 3516 1414 3583; x_wconf 65' lang='lat' dir='ltr'><strong>coru...</strong></span> 
     </span>
     <span class='ocr_line' id='line_1_27' title="bbox 142 3635 1414 3724; baseline -0.001 -22"><span class='ocrx_word' id='word_1_230' title='bbox 142 3636 233 3702; x_wconf 79' lang='grc' dir='ltr'><em>δοκεῖν</em></span> <span class='ocrx_word' id='word_1_231' title='bbox 370 3637 484 3705; x_wconf 83' lang='lat' dir='ltr'><strong>Valla:</strong></span> <span class='ocrx_word' id='word_1_232' title='bbox 511 3636 598 3719; x_wconf 86' lang='lat' dir='ltr'><strong>„Sibi</strong></span> <span class='ocrx_word' id='word_1_233' title='bbox 621 3659 681 3724; x_wconf 91' lang='lat' dir='ltr'><strong>pro</strong></span> <span class='ocrx_word' id='word_1_234' title='bbox 705 3645 792 3707; x_wconf 89' lang='lat' dir='ltr'><strong>certo</strong></span> <span class='ocrx_word' id='word_1_235' title='bbox 812 3639 881 3724; x_wconf 85' lang='lat' dir='ltr'><strong>jam</strong></span> <span class='ocrx_word' id='word_1_236' title='bbox 905 3638 1078 3706; x_wconf 87' lang='lat' dir='ltr'><strong>suadentes</strong></span> <span class='ocrx_word' id='word_1_237' title='bbox 1102 3658 1137 3704; x_wconf 88' lang='lat' dir='ltr'><strong>se</strong></span> <span class='ocrx_word' id='word_1_238' title='bbox 1156 3635 1258 3703; x_wconf 87' lang='lat' dir='ltr'><strong>classe</strong></span> <span class='ocrx_word' id='word_1_239' title='bbox 1279 3635 1414 3703; x_wconf 89' lang='lat' dir='ltr'><strong>multum</strong></span> 
     </span>
     <span class='ocr_line' id='line_1_28' title="bbox 141 3753 1414 3842; baseline 0 -22"><span class='ocrx_word' id='word_1_240' title='bbox 141 3754 392 3823; x_wconf 87' lang='lat' dir='ltr'><strong>Atheniensibus</strong></span> <span class='ocrx_word' id='word_1_241' title='bbox 431 3756 656 3825; x_wconf 84' lang='lat' dir='ltr'><strong>antecellere&#39;&#39;.</strong></span> <span class='ocrx_word' id='word_1_242' title='bbox 710 3757 811 3825; x_wconf 90' lang='lat' dir='ltr'><strong>Paulo</strong></span> <span class='ocrx_word' id='word_1_243' title='bbox 849 3758 1002 3825; x_wconf 87' lang='lat' dir='ltr'><strong>temerius</strong></span> <span class='ocrx_word' id='word_1_244' title='bbox 1039 3761 1183 3825; x_wconf 90' lang='lat' dir='ltr'><strong>recentes</strong></span> <span class='ocrx_word' id='word_1_245' title='bbox 1221 3753 1414 3842; x_wconf 84' lang='lat' dir='ltr'><strong>Thucydidis</strong></span> 
     </span>
     <span class='ocr_line' id='line_1_29' title="bbox 143 3870 1417 3962; baseline -0.002 -22"><span class='ocrx_word' id='word_1_246' title='bbox 143 3873 284 3940; x_wconf 89' lang='lat' dir='ltr'><strong>editores</strong></span> <span class='ocrx_word' id='word_1_247' title='bbox 315 3875 367 3939; x_wconf 84' lang='grc' dir='ltr'><strong>καί</strong></span> <span class='ocrx_word' id='word_1_248' title='bbox 395 3875 430 3940; x_wconf 91' lang='lat' dir='ltr'><strong>in</strong></span> <span class='ocrx_word' id='word_1_249' title='bbox 462 3879 584 3943; x_wconf 87' lang='lat' dir='ltr'><strong>textum</strong></span> <span class='ocrx_word' id='word_1_250' title='bbox 616 3883 805 3962; x_wconf 88' lang='lat' dir='ltr'><strong>receperunt</strong></span> <span class='ocrx_word' id='word_1_251' title='bbox 832 3877 939 3945; x_wconf 89' lang='lat' dir='ltr'><strong>ethic</strong></span> <span class='ocrx_word' id='word_1_252' title='bbox 962 3882 995 3944; x_wconf 86' lang='lat' dir='ltr'><strong>et</strong></span> <span class='ocrx_word' id='word_1_253' title='bbox 1018 3875 1146 3962; x_wconf 84' lang='lat' dir='ltr'><strong>slibi)1.</strong></span> <span class='ocrx_word' id='word_1_254' title='bbox 1192 3874 1341 3942; x_wconf 85' lang='lat' dir='ltr'><strong>Vaticani</strong></span> <span class='ocrx_word' id='word_1_255' title='bbox 1363 3870 1417 3939; x_wconf 83' lang='grc' dir='ltr'><strong>καί</strong></span> 
     </span>
     <span class='ocr_line' id='line_1_30' title="bbox 144 3991 1417 4082; baseline -0.003 -21"><span class='ocrx_word' id='word_1_256' title='bbox 144 4011 223 4061; x_wconf 78' lang='lat' dir='ltr'><strong>caso</strong></span> <span class='ocrx_word' id='word_1_257' title='bbox 245 3999 340 4078; x_wconf 88' lang='lat' dir='ltr'><strong>putes</strong></span> <span class='ocrx_word' id='word_1_258' title='bbox 363 3994 523 4079; x_wconf 87' lang='lat' dir='ltr'><strong>respicere</strong></span> <span class='ocrx_word' id='word_1_259' title='bbox 547 3995 590 4062; x_wconf 83' lang='lat' dir='ltr'><strong>ad</strong></span> <span class='ocrx_word' id='word_1_260' title='bbox 614 4016 751 4082; x_wconf 86' lang='lat' dir='ltr'><strong>sequens</strong></span> <span class='ocrx_word' id='word_1_261' title='bbox 774 3997 826 4062; x_wconf 86' lang='grc' dir='ltr'><strong>καί</strong></span> <span class='ocrx_word' id='word_1_262' title='bbox 847 3996 882 4074; x_wconf 87' lang='lat' dir='ltr'><strong>in</strong></span> <span class='ocrx_word' id='word_1_263' title='bbox 904 3997 1014 4063; x_wconf 59' lang='lat' dir='ltr'><strong>&amp;daona</strong></span> <span class='ocrx_word' id='word_1_264' title='bbox 1037 3994 1066 4061; x_wconf 72' lang='lat' dir='ltr'><strong>ti</strong></span> <span class='ocrx_word' id='word_1_265' title='bbox 1083 3994 1132 4061; x_wconf 85' lang='grc' dir='ltr'><strong>καί</strong></span> <span class='ocrx_word' id='word_1_266' title='bbox 1149 3994 1197 4060; x_wconf 80' lang='grc' dir='ltr'><em>τοι</em></span> <span class='ocrx_word' id='word_1_267' title='bbox 1213 3993 1298 4074; x_wconf 81' lang='grc' dir='ltr'><em>πεζὸν</em></span> <span class='ocrx_word' id='word_1_268' title='bbox 1313 3991 1417 4074; x_wconf 77' lang='grc' dir='ltr'><em>χειρώ-</em></span> 
     </span>
     <span class='ocr_line' id='line_1_31' title="bbox 144 4108 1415 4202; baseline 0 -24"><span class='ocrx_word' id='word_1_269' title='bbox 144 4114 265 4194; x_wconf 77' lang='grc' dir='ltr'><em>σεσθαι;</em></span> <span class='ocrx_word' id='word_1_270' title='bbox 286 4112 396 4198; x_wconf 86' lang='lat' dir='ltr'><strong>itaque</strong></span> <span class='ocrx_word' id='word_1_271' title='bbox 420 4133 493 4179; x_wconf 95' lang='lat' dir='ltr'><strong>cum</strong></span> <span class='ocrx_word' id='word_1_272' title='bbox 514 4112 591 4180; x_wconf 80' lang='lat' dir='ltr'><strong>acad</strong></span> <span class='ocrx_word' id='word_1_273' title='bbox 613 4114 803 4182; x_wconf 85' lang='lat' dir='ltr'><strong>vocabulum</strong></span> <span class='ocrx_word' id='word_1_274' title='bbox 822 4115 978 4202; x_wconf 82' lang='lat' dir='ltr'><strong>jungatur</strong></span> <span class='ocrx_word' id='word_1_275' title='bbox 1001 4133 1132 4181; x_wconf 87' lang='lat' dir='ltr'><strong>necesse</strong></span> <span class='ocrx_word' id='word_1_276' title='bbox 1156 4117 1215 4178; x_wconf 87' lang='lat' dir='ltr'><strong>est.</strong></span> <span class='ocrx_word' id='word_1_277' title='bbox 1262 4108 1415 4188; x_wconf 85' lang='lat' dir='ltr'><strong>Quaestio</strong></span> 
     </span>
    </p>
   </div>
   <div class='ocr_carea' id='block_1_6' title="bbox 178 4375 1313 4524">
    <p class='ocr_par' dir='ltr' id='par_1_6' title="bbox 178 4375 1313 4524">
     <span class='ocr_line' id='line_1_32' title="bbox 178 4375 418 4444; baseline -0.008 -14"><span class='ocrx_word' id='word_1_278' title='bbox 178 4375 418 4444; x_wconf 60' lang='lat' dir='ltr'><strong>autemst.</strong></span> 
     </span>
     <span class='ocr_line' id='line_1_33' title="bbox 1296 4469 1313 4524; baseline 0 0"><span class='ocrx_word' id='word_1_279' title='bbox 1296 4469 1313 4524; x_wconf 83' lang='grc' dir='ltr'>Β</span> 
     </span>
    </p>
   </div>
   <div class='ocr_carea' id='block_1_7' title="bbox 0 0 1561 4988">
    <p class='ocr_par' dir='ltr' id='par_1_7' title="bbox 0 0 1561 4988">
     <span class='ocr_line' id='line_1_34' title="bbox 0 0 1561 4988; baseline 0 0"><span class='ocrx_word' id='word_1_280' title='bbox 0 0 1561 4988; x_wconf 95' lang='lat' dir='ltr'><strong> </strong></span> 
     </span>
    </p>
   </div>
  </div>
 </body>
</html>
