3098 4988
756 320 799 400 69

138 569 208 647 μὲν
241 574 258 648 d
287 570 456 650 ξυμμαχία
485 567 561 646 αὕτα
592 570 716 650 ἐγένετο.
763 569 870 637 Verba
898 570 980 636 sard
1010 576 1111 636 ταῦτα
1137 570 1320 637 necessaria
1346 590 1412 636 non

139 709 214 756 essa
238 690 356 757 docent
378 689 442 755 loei
464 688 591 772 gemelli
614 709 641 755 o.
666 689 708 754 37
733 687 757 778 ξ
780 690 801 752 5
825 693 857 755 et
880 710 907 754 o.
932 689 975 753 58
998 687 1023 778 ξ
1044 690 1075 756 4.

185 923 293 1012 Caput
310 927 351 992 19
374 923 445 1016 §L
468 925 560 1011 Vulg.
583 927 664 1004 μετα
688 925 877 1005 δὲταῦτα,
902 939 924 991 Β
948 931 1061 992 τοῦτο.
1084 924 1179 992 Valla
1205 924 1365 1010 „postea”

185 1047 260 1128 52.
294 1044 386 1111 Libri
416 1045 550 1121 ἐλίνυ’σνςς
689 1046 841 1124 ἀγγελίαις
869 1049 967 1118 αὐτοῖς
990 1046 1136 1110 ariasso
1160 1043 1260 1118 τοίνυν,
1285 1045 1344 1110 καί
1368 1043 1411 1109 ὅτι

144 1165 294 1245 Ἀμόργης
317 1166 473 1248 ταρίσται.
498 1164 592 1233 Valla
616 1166 724 1233 omisit
747 1168 817 1251 καί,
833 1167 920 1251 quod
936 1165 1113 1233 sententiae
1130 1171 1274 1232 tenorem
1289 1163 1409 1231 turbat.

186 1402 296 1488 Caput
319 1404 372 1469 20.
407 1402 497 1490 Vulg.
520 1398 595 1487 ᾧπερ
619 1405 753 1483 ἐγίγνετο
778 1404 829 1480 ἤδη
852 1407 940 1469 τᾶσα
963 1406 980 1480 ἦ
1001 1403 1195 1485 ναυαρχία.
1241 1404 1322 1471 Cum
1345 1423 1410 1471 non

144 1524 202 1590 nisi
226 1523 267 1590 ds
291 1523 404 1591 elassis
427 1523 563 1608 imario
587 1522 646 1590 fiat
668 1544 791 1606 sermo,
813 1523 946 1590 dubium
967 1528 1070 1591 restat
1084 1523 1224 1604 nullum,
1248 1524 1327 1608 quin
1342 1523 1409 1590 vul-

144 1648 218 1728 gata
241 1662 352 1709 veram
375 1641 526 1710 exhibeat
549 1642 763 1727 scripturam,
788 1662 871 1726 quae
893 1641 991 1708 etiam
1014 1641 1147 1709 aValla
1170 1646 1221 1709 est
1236 1662 1408 1736 expresse:

147 1784 262 1848 „penes
293 1782 389 1847 quem
416 1764 485 1849 jam
517 1767 602 1831 esset
628 1783 752 1830 summa
774 1761 821 1828 rei
844 1759 997 1828 navalis.’'
1043 1761 1088 1828 Ut
1109 1781 1208 1845 supra
1231 1781 1256 1826 o.
1277 1761 1318 1826 12
1340 1757 1366 1850 ξ
1387 1761 1409 1825 4

144 1882 221 1947 miro
256 1882 352 1949 modo
387 1903 446 1967 pro
480 1885 546 1951 νεῶν
577 1879 604 1946 Β
635 1879 760 1947 rettulit
789 1881 958 1959 Ἀθηναίων,
990 1878 1097 1946 neseio
1127 1898 1191 1963 quo
1222 1884 1319 1964 pacto
1349 1898 1409 1962 pro

145 2000 292 2082 ναυαρχία
322 2006 434 2068 nostro
464 2001 535 2069 looo
568 1999 648 2067 dixit
677 1998 878 2081 ναυμαχία.
900 2081 903 2088 ¹
925 1998 1008 2066 Cave
1038 2018 1079 2065 ne
1111 2004 1204 2084 putes
1229 1996 1269 2064 de
1293 1995 1409 2064 calami

145 2138 267 2197 υπατος
299 2118 394 2202 quasi
425 2118 508 2185 enim
543 2119 583 2184 do
617 2117 775 2185 industria
808 2118 928 2184 factum
963 2117 1021 2198 sit,
1056 2122 1107 2184 ter
1144 2116 1309 2203 scriptoris
1339 2137 1408 2183 ma-

144 2256 216 2303 num
249 2236 453 2320 inquinatam
479 2235 656 2303 invenimus
682 2235 716 2300 in
743 2235 855 2302 eodem
883 2234 1037 2303 vocabulo
1064 2238 1233 2317 ναυμαχία.
1260 2235 1315 2322 (of.
1345 2237 1408 2317 33,

145 2356 169 2421 ν.
194 2356 256 2436 39,
283 2355 328 2442 1).

183 2592 293 2678 Caput
315 2592 443 2675 2151.
467 2590 558 2676 Vulg.
581 2592 595 2656 ὃ
618 2592 706 2670 δῆμον
833 2595 860 2666 ἔς
885 2594 1041 2668 διακοσίους
1166 2601 1232 2662 τῶν
1255 2595 1408 2663 δυνατῶν

143 2714 313 2797 darianum
346 2724 368 2776 Β
398 2716 464 2777 τῶν
494 2710 770 2790 δυνατωτάτους
793 2713 1020 2798 superlativum
1043 2713 1230 2800 Classenus,
1255 2715 1342 2799 quod
1364 2716 1408 2783 ad

143 2837 285 2900 nostrum
307 2829 430 2908 locum,
455 2831 581 2916 egregie
604 2828 764 2896 defendit:
800 2834 875 2910 „adv
905 2831 1113 2898 δυνατωτάτων
1143 2831 1228 2899 habe
1259 2832 1312 2899 ioh
1346 2855 1407 2901 aus

142 2949 211 3017 Vat.
244 2948 299 3015 fiir
321 2954 377 3014 τῶν
400 2948 526 3042 δυνατῶν
549 2947 792 3033 aufgenommen
815 2948 882 3014 und
905 2949 986 3016 eben
1009 2970 1046 3017 so
1070 2972 1096 3017 o.
1118 2950 1180 3029 48,
1205 2952 1223 3015 1
1247 2972 1278 3017 u.
1301 2952 1362 3031 63,
1387 2953 1407 3016 3

142 3071 163 3136 ci
185 3068 396 3137 δυνατώταται.
432 3067 481 3133 An
505 3067 614 3134 diesen
638 3067 759 3134 Stellon
775 3067 901 3134 werden
919 3067 971 3135 die
987 3068 1241 3154 angesehonsten
1258 3070 1324 3135 und
1340 3070 1407 3137 ein·

143 3186 383 3256 flnssroiehsten
407 3185 542 3253 Minnor
566 3186 623 3253 der
645 3185 753 3253 Partei
768 3185 1045 3271 hervorgehoben‚
1068 3187 1125 3254 vvie
1141 3189 1224 3255 auch
1242 3190 1270 3267 1,
1289 3189 1368 3271 115,
1384 3191 1406 3255 4

140 3307 296 3375 ebonialls
330 3304 388 3372 auf
418 3303 559 3373 Samos.''
600 3305 759 3372 Vaticano
785 3305 945 3373 consentit
969 3305 1063 3372 Valla
1086 3306 1158 3392 qui,
1184 3308 1283 3392 paulo
1308 3330 1407 3393 supra

139 3433 264 3494 vertens
295 3433 355 3499 τοῖς
385 3425 515 3498 δυνατοῖς
547 3445 607 3511 per
638 3422 839 3510 „primores’',
872 3430 982 3492 nostro
1012 3425 1082 3493 loco
1106 3426 1335 3511 interpretatus
1358 3431 1408 3494 est

141 3547 299 3627 „maxime
322 3542 500 3630 potentes'',
528 3543 613 3610 unde
636 3564 709 3610 oum
733 3543 850 3610 vidisse
873 3543 1102 3629 superlativum
1125 3552 1270 3630 apparet.

182 3664 265 3731 Ibid.
301 3664 394 3748 Vulg.
428 3664 627 3744 τετρακοσίους
662 3663 691 3728 δὲ
724 3670 810 3746 φυγῇ
842 3662 1040 3745 ζημιώσαντες
1072 3666 1122 3730 καί
1154 3665 1235 3731 αὐταί
1267 3668 1318 3743 τὴν
1349 3675 1406 3744 γῆν

137 3788 235 3852 αὐτῶν
266 3785 316 3850 καί
347 3785 437 3856 οἰκίας
470 3783 646 3862 νειμάμενοι.
692 3783 719 3848 Β
743 3783 830 3848 hisce
855 3781 946 3849 addit
968 3791 1119 3869 κατεῖχον,
1144 3785 1231 3868 quod
1255 3806 1333 3852 sene
1356 3786 1405 3851 in-

137 3903 305 3971 transitive
339 3907 531 3988 usurpatum
561 3902 648 3969 haud
679 3902 845 3987 displicet,
881 3901 942 3968 etsi
973 3902 1069 3969 etiam
1101 3904 1255 3971 vocabulo
1287 3905 1404 3971 omisso

138 4023 319 4090 sententiae
341 4027 485 4090 tenorem
508 4043 573 4089 non
589 4021 685 4089 eredo
701 4021 894 4107 perturbari
918 4020 981 4088 Sed
997 4023 1139 4089 dandum
1156 4030 1205 4091 est
1220 4044 1284 4091 non
1299 4023 1403 4108 illepi-

137 4142 215 4209 dum
246 4161 317 4208 esse
347 4139 620 4218 additamentum,
652 4139 703 4207 oni
733 4160 799 4205 nna
830 4139 924 4207 modo
956 4160 1008 4207 res
1033 4141 1202 4225 quominus
1225 4140 1404 4227 Thucydidi

134 4261 301 4328 tribuatur
324 4258 440 4327 obstat
479 4257 561 4338 Quid
584 4258 668 4326 enim
692 4262 743 4326 est
763 4266 905 4340 κατεῖχον
927 4259 990 4326 nisi
1015 4260 1204 4346 „imperium
1225 4259 1403 4328 tenebant’'

135 4379 188 4457 vel
223 4377 355 4464 „urbem
376 4376 569 4467 regebant'?
607 4377 698 4461 Quod
721 4399 794 4447 oum
807 4378 863 4449 ‚itu
885 4379 944 4460 sit,
969 4400 1063 4446 nemo
1086 4380 1217 4471 dixerit,
1242 4381 1318 4467 quid
1342 4379 1404 4451 sibi
