3098 4988
804 282 847 350 98

190 520 334 598 βασιλεὺς
369 540 428 604 pro
460 518 624 597 βουλευέτω
657 518 812 596 βασιλεὺς.
848 518 945 586 Valla
984 519 1157 603 respondet
1187 520 1260 605 jure
1289 517 1462 604 vulgatae:

194 637 302 719 „nullo
322 637 390 722 jam
413 637 603 720 magistratu
625 658 665 704 ex
687 637 823 723 pristino
845 637 992 704 instituto
1015 636 1106 722 fungi
1129 634 1307 723 oportere”.

236 873 341 958 Caput
364 875 406 940 68
437 871 462 964 ξ
487 876 516 940 1.
552 874 646 960 Vulg.
678 878 692 942 d
725 875 821 952 μέντοι
852 873 949 940 ίίταν
978 876 1012 942 τὸ
1036 879 1167 957 τροίημα
1189 874 1312 955 ξυνθεὶς,
1340 879 1463 941 naas.

190 993 302 1062 Valla:
330 995 405 1079 „qui
428 1015 502 1061 vero
526 999 628 1061 totum
652 994 814 1079 negotium
837 994 1090 1081 composuerat'’.

236 1111 316 1180 Ibid.
342 1112 435 1198 Vulg,
470 1111 525 1194 ίτερ
558 1111 651 1193 τρίτῳ
687 1112 845 1189 κατέστη
868 1115 902 1185 ἐς
932 1120 1035 1180 τοῦτο
1065 1113 1159 1180 unice
1190 1134 1267 1180 vera
1288 1112 1399 1193 lectio,
1425 1117 1464 1178 ut

191 1233 289 1298 etiam
312 1234 399 1319 apud
422 1231 564 1300 Vallem:
592 1254 678 1316 „qua
699 1233 824 1300 ratione
848 1232 974 1301 adhoc
997 1233 1230 1301 deveniretur’'.
1253 1233 1384 1300 Bsclus
1401 1233 1463 1300 sed

191 1372 338 1436 perverse
361 1350 415 1433 ὅτῳ
438 1352 532 1432 τρίτῳ
556 1351 758 1428 κατέστησε
783 1357 892 1418 τοῦτο.

236 1469 317 1535 Ibid.
340 1468 544 1554 Ῡυ18.οίρετη
567 1495 599 1536 τε
623 1470 758 1543 οὐδενὸς
782 1467 943 1554 ἱίστερος,
967 1471 1139 1544 Reddenda
1156 1471 1315 1549 δεύτερος
1332 1469 1464 1536 sollem-

191 1589 241 1655 nis
274 1587 566 1673 significantiorque
596 1589 749 1673 loquendi
780 1591 863 1656 ratio
894 1589 933 1655 cf.
965 1592 1004 1668 2,
1038 1590 1097 1677 79,
1128 1591 1160 1655 5.
1205 1589 1341 1656 Accedit
1370 1590 1463 1673 quod

191 1708 317 1787 δεύτερος
349 1709 449 1774 multo
479 1708 606 1774 facilius
638 1708 727 1775 abire
757 1708 900 1793 potuerit
927 1709 960 1774 in
984 1707 1116 1790 ὕστερος,
1140 1707 1329 1776 vocabulum
1353 1709 1459 1793 magis

193 1824 357 1911 vulgatum
391 1802 486 1910 quam
510 1826 653 1893 invicem.
687 1826 839 1893 Vaticani
862 1827 1039 1894 auctoritas
1063 1825 1282 1912 amplificatur>
1301 1847 1322 1892 a
1344 1825 1458 1892 Valla:

197 1945 265 2025 „vir
287 1944 527 2011 Atheniensium
552 1946 600 2012 sui
622 1946 775 2029 temporis
799 1945 879 2011 nulli
902 1945 1061 2012 secundus
1084 1943 1226 2012 virtute''.

235 2062 316 2128 Ibid.
352 2063 443 2148 Vulg.
474 2065 503 2136 ἐς
533 2065 587 2141 μὲν
610 2064 698 2140 δῆμον
720 2067 751 2128 οὐ
779 2065 886 2144 παριὼν
909 2064 968 2130 οὐδ’
993 2067 1021 2138 ἐς
1045 2062 1137 2130 ἄλλον
1161 2064 1264 2142 dyona
1287 2061 1458 2134 ἑκουσίως

191 2181 290 2246 οὐδένα
298 2207 307 2260 ;
344 2194 365 2246 Β
398 2182 567 2259 ἑκούοοος,
599 2183 684 2266 quod
715 2187 849 2267 propter
878 2202 1017 2268 sequens
1047 2183 1183 2256 ὑπόπτως
1213 2184 1247 2249 in
1270 2167 1458 2248 adverbium

189 2298 269 2366 abiit
298 2299 332 2365 in
368 2300 509 2384 vulgata.
556 2300 749 2367 Vaticanum
780 2321 820 2366 ex
852 2301 1019 2384 scriptoris
1042 2323 1104 2367 usu
1126 2301 1263 2381 dictum,
1283 2302 1357 2386 jure
1380 2321 1456 2386 pro-

189 2418 310 2487 barunt
333 2421 480 2487 editores.
511 2420 605 2489 Valla
629 2442 756 2505 quoque
779 2422 858 2488 vidit
881 2422 1085 2508 adjectivum:
1113 2422 1189 2509 „qui
1205 2442 1308 2506 neque
1332 2422 1374 2488 ad
1397 2442 1455 2505 po·

189 2537 316 2627 pulum,
340 2561 445 2625 neque
466 2540 567 2607 ullam
587 2541 620 2606 in
636 2543 872 2608 contentionem
896 2541 1141 2609 voluntarius
1165 2539 1347 2625 prodibat’'.

232 2652 302 2745 §Z
324 2656 374 2722 καὶ
398 2657 486 2731 αὖτίς
510 2682 560 2735 τε,
578 2659 700 2734 ἐπειδὴ
722 2659 769 2724 τα
791 2665 854 2724 τῶν
877 2660 1109 2739 τετρακοσίων
1132 2661 1165 2724 ἐν
1188 2659 1316 2739 ὑστέρῳ
1339 2682 1453 2735 μετα·

189 2773 345 2841 τεσίντα
368 2776 433 2841 ὑπὸ
455 2782 517 2842 τοῦ
540 2775 649 2855 δήμου
671 2780 854 2843 ἐκακοῦτο.
870 2778 897 2843 Β
914 2799 986 2844 cum
1003 2779 1163 2845 nonnullis
1179 2778 1251 2845 aliis
1267 2776 1452 2864 (ΑΕἙΜ.)

188 2894 239 2959 καί
264 2895 352 2968 αὐτός
375 2920 409 2960 τε
432 2894 528 2970 insidis
551 2894 680 2973 μετέστη
705 2900 721 2973 η
745 2895 924 2976 δημοκρατία
947 2895 997 2961 καί
1021 2898 1050 2968 ἕρ
1073 2896 1192 2973 οίνῶνας
1219 2895 1348 2970 κατέστη
1372 2895 1453 2972 μετίο

189 3017 244 3078 τῶν
275 3014 465 3095 τετρακοσίων
495 3014 524 3077 ἐν
559 3013 663 3095 ὑστέρῳ
694 3013 903 3092 μεταπεσόντα
926 3015 981 3079 ὑπὸ
1003 3019 1054 3079 τοῦ
1078 3014 1168 3091 δήμου
1192 3015 1348 3093 ἐκακοῦτο,
1374 3035 1454 3098 quo·

188 3153 259 3198 rum
293 3133 436 3217 spuriam
471 3137 620 3200 naturam
657 3154 773 3218 magna
807 3153 884 3200 sane
914 3153 974 3218 pro
1004 3138 1098 3217 parte
1128 3132 1250 3199 indicet
1280 3131 1450 3200 Scholion:

188 3252 315 3328 κείμενον
347 3252 380 3337 (i.
404 3273 432 3317 e.
457 3252 617 3336 scriptura
646 3252 743 3318 etiam
775 3256 891 3336 exstat)
923 3251 1019 3327 ἐπειδη
1049 3251 1179 3329 μετέστη
1211 3255 1227 3327 η
1254 3250 1452 3333 δημοκρατία,

188 3371 238 3436 καί
263 3373 292 3443 ἐς
319 3372 438 3449 οίγῶνας
461 3371 590 3451 μετέστη
614 3372 757 3458 (κατέστη
765 3374 794 3457 l)
825 3373 907 3448 μετα
929 3378 985 3438 τῶν
1009 3371 1036 3438 τί.
1072 3369 1212 3438 Stahlius
1235 3369 1341 3437 locum
1364 3371 1453 3438 insa·

188 3489 327 3555 nabilem
356 3488 493 3555 ubertim
524 3489 675 3557 tractavit
689 3491 718 3576 1)
748 3494 934 3575 textumque
964 3489 1048 3556 hunc
1070 3489 1104 3556 in
1133 3490 1261 3555 modum
1284 3490 1454 3558 restituen-

188 3607 263 3673 dum
286 3607 470 3692 proposuit:
495 3609 591 3684 ἕτεοδη
617 3607 807 3697 [μετέστησεν
831 3613 848 3688 η
864 3607 1055 3698 δημοκρατία]
1072 3608 1122 3675 καί
1139 3611 1168 3682 ἕρ
1187 3611 1305 3686 οἰνῶνας
1323 3609 1452 3684 κατέστη

188 3726 269 3804 μετὰ
290 3726 332 3792 τοί
354 3733 409 3790 τῶν
430 3729 619 3805 τετρακοσίων
642 3729 670 3793 ἕν
687 3729 793 3810 ὑστέρῳ
811 3729 1022 3806 μεταπεσόντα
1038 3729 1093 3793 ὑπὸ
1109 3734 1159 3797 τοῦ
1175 3728 1264 3805 δήμου
1279 3725 1452 3816 [ἐκακοῦτο].

189 3842 269 3908 Mihi
301 3842 431 3925 quidem
465 3844 594 3929 vulgata
627 3866 691 3912 non
727 3845 884 3930 displicet.
932 3845 1041 3913 Valla:
1078 3849 1130 3928 „et
1163 3845 1219 3929 qui
1249 3846 1453 3930 postmodum

189 3963 300 4047 (quum
324 3965 411 4028 statu
433 3964 738 4049 quadringentorum
763 3966 923 4051 collapso,
948 3970 1022 4032 acta
1044 3963 1171 4029 illorum
1194 3965 1334 4049 populus
1351 3964 1454 4032 ultum

220 4342 249 4417 1)
266 4344 298 4395 cl.
316 4343 405 4414 Symb.
422 4343 515 4401 Philol.
534 4343 642 4399 Bonnec
659 4342 731 4398 18o7.
