3098 4988
831 292 876 357 60

220 525 357 593 reddens
389 526 487 594 verba
519 548 789 607 „commemorans
820 528 900 595 haec
931 533 964 594 et
993 528 1058 595 alia
1081 549 1164 613 quae
1186 528 1250 613 ipsi
1273 527 1489 594 videbantur''

222 647 381 712 consentit
414 646 580 732 vulgatae,
615 669 698 736 quae
728 648 829 716 stulta
858 654 946 716 certe
980 669 1044 715 nou
1074 653 1124 714 est
1154 667 1315 732 quamque
1346 624 1491 717 Stahlius

221 764 297 830 olim
320 764 490 850 probabat.

265 882 346 949 Ibid.
370 881 461 967 Vulg.
484 883 534 948 nai
557 884 599 948 τόν
621 883 779 965 στενόπορα
799 890 855 950 τῶν
877 885 988 966 zoclen
1011 883 1285 967 τροφόοόσαντες
1308 884 1487 966 Φυλάσσειν.

221 1001 314 1068 Solus
337 1007 387 1069 est
408 1004 449 1085 Β,
472 1005 527 1089 qui
549 1004 626 1091 legit
648 1003 914 1082 διαλαβόντας,
943 1002 1030 1088 quod
1054 1008 1087 1070 et
1108 1001 1236 1081 Vadam
1252 1001 1371 1069 vidisse
1386 1007 1486 1086 puto:

221 1122 331 1207 egredi
360 1143 471 1191 omnes
502 1122 721 1208 Syracusanos
751 1125 873 1210 pariter
903 1129 936 1190 et
966 1124 1070 1191 socios
1102 1124 1144 1190 ad
1167 1122 1380 1190 obstruendas
1403 1121 1489 1202 vias,

222 1242 552 1325 occupandusque
585 1240 728 1309 locurum
758 1242 924 1327 angustias
959 1247 1058 1327 atque
1089 1238 1346 1309 custodiendas”.
1393 1241 1490 1308 Ouios

222 1361 309 1427 verbi
339 1361 400 1428 etsi
423 1360 510 1446 apud
532 1366 679 1428 nostrum
701 1362 867 1447 vestigium
890 1361 1013 1427 nullum
1037 1365 1199 1446 superest,
1232 1359 1352 1444 optime
1380 1366 1488 1425 tamen

221 1484 331 1547 nostro
363 1479 434 1546 loco
457 1480 615 1564 quadrat,
646 1488 678 1547 et
701 1480 851 1567 Polybius
876 1481 929 1566 (1,
955 1480 1007 1547 18.
1031 1480 1070 1560 4,
1095 1480 1151 1562 67)
1174 1483 1211 1544 ut
1233 1478 1331 1545 etiam
1356 1477 1489 1558 suidas,

223 1599 385 1683 scriptoris
417 1597 519 1666 nostri
541 1598 734 1680 imitatores,
767 1600 922 1678 διαλαβεῖν
945 1598 1128 1666 testimonio
1153 1596 1353 1665 confirmant.
1392 1595 1490 1675 Quid·

223 1716 301 1801 quid
331 1716 365 1782 id
396 1721 459 1796 est,
492 1716 705 1784 concedamus
736 1723 864 1802 oportet
894 1716 1046 1784 Classeuo
1080 1715 1182 1796 „wohl
1204 1715 1324 1782 konnte
1348 1715 1400 1780 ein
1429 1715 1491 1781 Ab·

225 1833 389 1901 schreiber
417 1834 471 1900 fiir
501 1835 560 1902 das
591 1835 712 1903 selteue
743 1835 943 1914 διαλαβόντας
967 1835 1027 1901 das
1049 1833 1207 1920 geltufige
1231 1834 1262 1918 (l.
1284 1828 1340 1902 21.
1365 1833 1404 1920 3,
1430 1834 1490 1918 69,

223 1953 254 2020 2.
290 1952 330 2031 8,
367 1953 427 2039 51,
467 1955 499 2038 1)
534 1954 757 2036 τροφόόσανσες
796 1953 984 2032 schreiben,
1023 1953 1112 2019 nicht
1149 1951 1359 2038 umgelrehrt3
1395 1951 1488 2037 jones

223 2075 357 2137 stammt
379 2092 438 2138 aus
461 2072 549 2138 einer
571 2071 723 2139 bssseren
746 2069 886 2152 Quelle”.

267 2187 345 2279 §2
368 2188 460 2275 Vulg.
491 2192 771 2270 circurneundurn,
794 2205 816 2258 Β
839 2189 1063 2269 τετανμένονς,
1087 2189 1183 2257 lectio
1205 2187 1356 2255 deterior.
1395 2188 1491 2256 Valla

221 2306 353 2375 liberius
375 2309 481 2377 vertit.

267 2426 348 2494 lbid.
381 2427 474 2513 Vulg.
505 2429 596 2511 ἔτυχε
619 2429 679 2510 γὰρ
701 2431 824 2505 αὐτοῖς
945 2429 1029 2495 όνσόα
1052 2425 1142 2506 οὖσα,
1166 2428 1193 2493 Β
1217 2425 1357 2513 neglexit
1379 2429 1490 2500 αὐτοῖς.

222 2544 334 2613 Vella:
361 2547 546 2627 „instabant
568 2549 653 2616 enim
676 2570 715 2617 eo
738 2549 790 2616 die
814 2547 973 2617 sacrificia
996 2544 1172 2615 Herculis”.

268 2780 374 2867 Caput
397 2784 440 2851 74
463 2790 483 2869 5
509 2787 537 2851 1.
569 2784 663 2869 Vulg.
693 2786 910 2864 ἀναλαβόντες,
942 2799 964 2852 Β
996 2785 1207 2864 ἀναλαβόντας
1239 2781 1343 2868 magis
1366 2802 1407 2849 ex
1430 2803 1492 2850 usu

224 2900 431 2989 Thucydidis.
476 2903 571 2971 Valla
594 2904 746 2971 certiores
770 2926 827 2972 nos
850 2905 930 2971 nihil
953 2904 1039 2972 facit

268 3018 292 3111 ᾗ
315 3023 345 3088 2.
369 3021 460 3108 Vulg.
483 3023 532 3088 cal
555 3028 612 3088 τῶν
634 3031 791 3102 ποταμῶν,
816 3025 843 3090 Β
862 3025 935 3111 jure
958 3044 1023 3089 non
1046 3022 1176 3090 exhibet
1199 3020 1376 3088 articulum.

268 3258 374 3344 Gaqut
398 3260 440 3325 ⁷5
462 3258 487 3350 ξ
513 3263 541 3328 1.
573 3261 668 3347 Vulg.
699 3264 740 3345 τῷ
771 3271 811 3328 Ν.
840 3262 888 3327 καὶ
919 3263 960 3343 τῷ
991 3259 1184 3344 Δημοσθένει,
1218 3258 1245 3323 Β
1279 3256 1416 3324 alterum
1448 3259 1491 3338 τῷ

225 3376 353 3444 omittit.

268 3492 340 3583 §4
363 3494 458 3581 Vulg.
481 3497 736 3570 ἐπακολουθοῦντες
759 3495 837 3577 ὅσον
856 3497 1004 3583 δύναιντο,
1024 3497 1153 3564 Brecte
1169 3493 1429 3565 ἐπακολουθοῦντες
1456 3493 1491 3564 ἐς

224 3612 287 3681 όσον
309 3614 454 3692 δύναντα
479 3616 587 3702 aptius
609 3619 693 3685 enim
716 3618 832 3686 dicitur
859 3617 1003 3704 „insequi
1027 3636 1192 3704 quousque
1216 3613 1369 3701 possunt”
1392 3635 1492 3700 quem

228 3738 402 3817 „quantum
425 3733 587 3820 possunt'’.
634 3737 833 3823 Praepositio
857 3737 988 3823 propter
1012 3737 1208 3823 praecedens
1231 3735 1491 3806 decurtaverim

225 3851 319 3919 facile
348 3852 494 3919 excidere
521 3854 636 3937 potuit.
683 3854 780 3922 Valla
802 3856 829 3921 Β
853 3856 1028 3924 consentit:
1055 3874 1240 3939 „quousque
1263 3858 1415 3938 poterant
1440 3854 1490 3919 iu-

225 3969 424 4057 sequentes'‘.

269 4090 349 4157 lbid
380 4088 477 4156 Valla
506 4089 584 4156 mihi
613 4090 737 4158 ridetur
762 4090 869 4159 lacero
900 4111 972 4157 cum
994 4091 1039 4174 B,
1071 4091 1126 4176 qui
1148 4112 1207 4175 pro
1230 4090 1377 4176 vulgatae
1400 4090 1428 4156 εό
1450 4117 1491 4172 τῳ

225 4210 254 4275 δὲ
277 4209 462 4291 τρολεότοι
487 4213 503 4286 ἡ
526 4209 604 4291 ῥόαν
627 4210 676 4275 καὶ
699 4212 733 4277 τό
758 4216 845 4288 σῶμα
859 4211 960 4278 tradit
975 4209 1125 4294 τρολότοι;
1152 4210 1257 4294 „quod
1272 4208 1382 4294 siquos
1399 4211 1491 4296 prius

225 4328 307 4395 vires
331 4327 544 4395 membrorum
567 4326 824 4398 defecissent”
