3098 4988
749 371 794 436 43

135 603 324 686 οὶποοροὶξκτε.
361 606 479 673 Veram
504 606 696 691 scripturam
717 607 859 674 restituit
880 608 925 693 Β,
950 607 1005 692 qui
1028 628 1087 692 pre
1102 605 1181 685 ἄξιον
1204 608 1283 692 legit
1297 607 1404 691 ἆξοοῦν,

133 725 259 810 pariter
288 731 386 809 atque
417 725 530 792 Valla:
566 746 664 809 quum
694 726 784 792 navis
815 725 848 790 in
871 747 983 792 navem
1007 725 1191 811 impegerit,
1227 746 1292 793 non
1315 727 1405 812 prius

135 865 193 911 eas
216 842 458 910 dirimendas
489 848 630 928 putare
654 864 751 928 quam
776 851 932 929 armatos,
965 844 1020 928 qui
1043 865 1102 928 pro
1125 844 1272 912 tabulato
1296 844 1406 912 hostili

136 966 242 1046 stant,
267 960 498 1029 detruseritis'¹.

181 1085 202 1164 ᾖ
227 1081 257 1147 3.
281 1080 374 1166 Vulg.
397 1081 426 1154 ἔς
449 1106 483 1146 τε
505 1079 539 1146 τὸ
561 1081 686 1163 φοβερὸν
708 1089 767 1154 τοῖς
792 1081 922 1158 ὑπηκόοις
945 1083 996 1147 sai
1021 1083 1059 1147 ri
1083 1081 1304 1166 οέδοκεῖσθοοο,
1332 1082 1409 1147 πολὺ

136 1206 237 1266 πλεῖον
267 1200 428 1281 μετείχετε
459 1201 524 1285 (τῆς
546 1201 643 1281 ἀρχῆς
667 1208 719 1275 τῆς
743 1199 917 1285 ἡμετέροις),
950 1199 1053 1264 Βκοοὶ
1077 1199 1115 1265 τὸ
1137 1201 1184 1275 μὴ
1205 1200 1408 1265 &hassirim

137 1322 239 1396 reete,
267 1317 354 1401 quod
377 1324 410 1385 et
433 1316 528 1384 Vella
550 1316 661 1385 docet:
693 1322 749 1400 „nt
771 1337 844 1384 eum
866 1316 982 1384 terrori
998 1316 1110 1384 essetis
1126 1315 1264 1384 subditis
1279 1317 1409 1398 vestris,

141 1442 230 1518 „tum
252 1457 328 1503 vero
351 1435 392 1503 ab
415 1435 488 1502 aliis
511 1435 597 1504 laedi
620 1436 805 1520 nequiretis.

183 1556 260 1639 54.
291 1554 383 1640 Vulg.
399 1545 546 1642 trifon,
580 1553 623 1621 ὅτι
647 1555 697 1620 κυνὶ
721 1554 790 1633 μετ’
814 1555 964 1627 ἀσθενείαις
989 1555 1038 1620 sai
1061 1552 1216 1638 ξυμφορῶν
1239 1556 1256 1630 ἦ
1282 1555 1409 1636 ὑμετέρου

137 1676 287 1750 ἐπιστήμη
317 1675 452 1756 κρείσσων
482 1675 560 1740 ἐστὶν
590 1674 689 1754 ἑτέρους
710 1674 891 1755 εὐτυχούσης
914 1673 1019 1755 ῥώμης.
1055 1672 1178 1758 injuria
1200 1674 1227 1739 B
1252 1673 1310 1738 κοιὶ
1335 1680 1411 1760 post

138 1792 181 1859 ὅτι
205 1793 351 1859 omittere
374 1814 419 1859 ex·
437 1792 533 1859 Valla
556 1812 684 1877 quoque
708 1797 862 1877 apparet:
890 1792 1133 1875 „ostenditeque
1156 1800 1295 1859 vestram
1318 1795 1404 1878 peri-

139 1914 220 1980 tiam
250 1912 366 1979 etiam
396 1913 632 1998 aegrotantium
663 1921 762 1998 atque
792 1911 984 1979 afflictorum
1016 1913 1207 1980 antecellere
1231 1913 1336 1980 alieno
1359 1936 1411 1982 ro·

140 2030 211 2098 bori
234 2029 335 2114 sqq.”.

187 2263 293 2353 Caput
316 2268 359 2334 64
382 2272 403 2351 5
428 2270 457 2333 1.
491 2267 583 2354 Vulg.
613 2269 690 2341 Τοὺς
714 2268 738 2332 δ’
760 2269 924 2345 ’Δονοοονόνς
953 2272 1047 2347 ἡμῶν
1077 2269 1168 2334 ποέλον
1190 2265 1230 2335 οὗ
1251 2273 1313 2336 κτὲ.
1338 2291 1410 2357 per-

140 2407 270 2472 peram,
301 2406 406 2471 neque
436 2387 463 2452 B
495 2386 639 2455 scribens
671 2390 688 2465 ἡ
721 2388 799 2466 ὑμῶν
827 2408 934 2455 veram
963 2387 1064 2456 refert
1094 2387 1264 2455 lectionem
1288 2391 1366 2469 ὑμῶν
1390 2413 1410 2457 a

142 2505 240 2572 Valla
262 2525 463 2590 expressam:
502 2506 644 2592 „Rursus
667 2507 707 2574 iis
730 2507 786 2593 qui
809 2507 980 2576 intervos
1005 2507 1216 2576 Athenienses
1240 2508 1342 2576 sunt’'.

184 2622 267 2689 Ibid.
290 2622 384 2709 Vulg.
407 2625 473 2697 τοὺς
496 2627 558 2690 ἐκεῖ
577 2627 746 2698 ὑπολοίπους
770 2629 881 2706 ἡμῶν,
905 2627 933 2692 Β
956 2627 1039 2695 mule
1062 2630 1162 2706 ὑμῶν.
1185 2625 1279 2694 Valla
1302 2635 1408 2698 reete:

144 2748 293 2823 „nostros
315 2743 369 2809 hio
384 2745 426 2830 (i)
448 2743 608 2811 reliotoe”.

187 2866 208 2945 ξ
231 2864 262 2926 2.
287 2860 380 2947 Vulg.
404 2864 566 2939 ἐνθυμεῖσθε
589 2865 653 2928 καθ’
676 2862 816 2937 ἑκάστους
839 2889 877 2928 τε
900 2862 950 2928 aa}
973 2863 1145 2943 ξύμποοντες
1166 2870 1312 2948 praestat
1326 2865 1410 2934 libre

140 2981 167 3046 B
198 2981 232 3046 in
264 3001 329 3066 quo
360 2979 452 3050 abest
481 2982 515 3047 σέ
545 3003 566 3049 a
596 2982 689 3049 Valla
719 3003 783 3050 non
806 2982 1001 3068 neglectum:
1034 3003 1210 3063 „memores
1233 2989 1270 3050 et
1294 2985 1410 3070 singuli

141 3107 174 3167 et
196 3098 366 3166 universi'.

184 3218 265 3285 Ibid.
289 3217 380 3304 Vulg.
403 3220 437 3284 ri
459 3220 543 3299 μέσον
565 3220 655 3299 ὄνομα
678 3229 733 3287 τῶν
748 3222 917 3306 Ἀθηνῶν,
940 3225 1043 3307 recte,
1068 3227 1104 3288 ut
1120 3220 1233 3288 Vella:
1257 3241 1409 3307 magnum

141 3356 258 3403 nomen
279 3337 489 3407 Athenarum.
525 3353 547 3405 Β
571 3338 738 3417 Ἀθηναίων.

185 3574 290 3660 Caput
313 3576 356 3642 65
379 3581 400 3660 ξ
423 3577 452 3643 2.
475 3575 565 3662 Vulg.
597 3579 645 3642 κοοὶ
676 3579 773 3654 ἐπειδὴ
802 3578 927 3643 ποὲντοο
957 3579 1085 3656 ἑτοῖμον
1112 3572 1159 3658 ἦν,
1192 3591 1214 3644 Β
1238 3578 1288 3644 aa>
1312 3579 1403 3644 ineat*

140 3694 269 3772 ἑτοῖμοι
299 3675 434 3760 naara
455 3691 503 3774 ἦν,
536 3717 630 3780 quem
660 3696 830 3764 verborum
853 3695 996 3762 ordinem
1021 3696 1118 3764 etiam
1142 3696 1271 3764 exhibet
1293 3696 1405 3763 Valla:

143 3812 253 3894 „Quae
275 3820 448 3899 postquam
471 3818 667 3899 praeparata
691 3820 765 3882 sunt
789 3812 925 3883 omnia'’.

186 4051 293 4139 Caput
316 4054 358 4119 66
382 4058 402 4137 ξ
426 4055 456 4119 2.
481 4052 573 4139 Vulg.
605 4054 699 4119 ἔπεστ’
722 4056 761 4131 εἰ,
786 4066 807 4119 Β
831 4054 936 4121 ἔπεοτοο
960 4054 986 4120 δ’
1008 4057 1042 4120 εἰ.
1068 4053 1204 4122 Difficile
1228 4054 1315 4120 dictu
1341 4060 1406 4134 est,

140 4177 215 4240 utra
237 4173 332 4240 leutio
355 4178 507 4258 praestet.
545 4173 640 4240 Valla
663 4172 742 4238 nihil
764 4174 867 4240 dooei.

186 4291 268 4357 Ibid.
301 4291 340 4356 In
370 4291 419 4356 axi
443 4292 538 4373 ἀρχὴν
568 4293 621 4368 τὴν
643 4291 704 4367 ἤδη
727 4291 873 4370 μεγίστην
899 4311 964 4358 nou
987 4289 1082 4359 facile
1106 4290 1223 4358 dixeris
1247 4290 1407 4376 quomode

138 4411 184 4480 sit
213 4409 437 4497 explicandum
469 4411 531 4488 iia.
578 4409 751 4489 Classenus
781 4432 822 4478 ex
852 4410 1059 4496 sequentibus
1088 4411 1144 4483 rahe
1167 4411 1220 4489 μὲν
1243 4413 1408 4491 νενικήκατε

1276 4531 1310 4581 ᾖ*
