3098 4988
813 289 854 354 78

243 529 348 612 Caput
378 528 422 593 34
452 525 476 616 ᾖ
510 529 538 590 l.
574 525 665 609 Vulg.
690 525 739 590 καί
763 524 856 604 ὥσπερ
880 523 985 596 ἰδόντες
1010 525 1180 597 ἐπεδίωκον,
1206 537 1227 589 Β
1251 522 1300 588 καί
1323 524 1359 594 ὡς
1384 519 1466 604 εἶδον,

199 649 317 724 ἐδίωκον,
343 667 426 730 quae
448 645 543 711 lectio
560 665 668 711 omnes
684 644 769 710 tollit
785 642 1000 729 difficultates.
1029 641 1080 708 Sic
1097 641 1194 707 etiam
1212 641 1320 707 Valla:
1346 660 1467 724 easque

200 768 333 834 simulac
364 765 545 850 conspexit,
577 765 748 849 insequuta
779 761 856 830 est''.
903 762 1045 828 Stahlius
1068 762 1101 826 in
1126 760 1231 847 Symb.
1256 760 1334 844 phil.
1359 760 1464 825 Bonn.

199 886 378 972 proposuit:
409 883 459 949 καί
493 883 586 963 ὥσπερ
617 877 714 963 εἶχον,
746 880 850 952 ἰδόντες
882 882 992 946 ἐδίωκον
1015 880 1101 946 haud
1125 880 1335 963 malensque
1359 881 1468 944 tamen

200 1002 391 1068 necessario.

244 1120 324 1187 Ibid.
349 1119 589 1201 καταφεύγουσιν
612 1121 641 1190 ἐς
665 1119 713 1183 τὸν
835 1120 941 1194 λιμένα
962 1122 1143 1183 Φοινικοῦντα
1166 1115 1405 1192 καλούμενον;
1422 1114 1469 1180 sio

202 1239 297 1305 Valla
328 1259 472 1323 quoque:
508 1236 635 1321 „lugam
658 1236 867 1302 intenderunt
890 1237 923 1301 in
947 1241 1074 1320 portum
1099 1234 1245 1300 Mimanti
1269 1233 1468 1318 subjectum,

200 1357 351 1422 nomine
381 1354 662 1422 Phoenicuntem'’.
710 1353 855 1420 Solemne
884 1355 1085 1439 participium
1116 1354 1149 1418 in
1180 1351 1361 1418 nominibus
1394 1371 1468 1435 geo·

104 1501 106 1504 ·
200 1475 362 1560 graphicis
386 1495 450 1540 non
474 1471 609 1540 libenter
633 1493 704 1539 cum
727 1473 753 1536 B
779 1473 996 1540 desideramus
1020 1494 1122 1558 neque
1146 1472 1317 1539 Classenus
1342 1473 1466 1535 etextu

203 1596 387 1662 eliminavit.

246 1904 353 1989 Caput
376 1904 419 1968 35
443 1901 467 1992 ξ
492 1905 521 1968 1.
546 1902 640 1988 Vulg.
663 1904 854 1983 ἀφειστήκει,
878 1909 975 1970 recto.
1020 1903 1047 1968 Β
1071 1904 1244 1984 ἀφεστήκει.

246 2019 270 2110 ᾗ
294 2022 325 2084 2.
358 2019 451 2104 Vulg.
483 2025 569 2085 recte
601 2021 867 2100 τοοσβαλλοιίοαο,
899 2021 925 2086 Β
956 2010 1193 2101 τροσβαλοιίσας.
1240 2019 1352 2086 Valla:
1381 2019 1469 2103 „qui-

205 2135 489 2205 transmitterent'’.

247 2255 271 2346 ξ
294 2257 325 2321 3.
357 2255 403 2318 ε’τί
428 2255 561 2334 Τριοπίῳ.
599 2253 716 2319 Omnes
738 2253 813 2319 libri
836 2261 965 2339 praeter
988 2257 1014 2322 B
1039 2257 1189 2323 omittunt
1211 2258 1263 2336 τῷ.

247 2382 266 2458 5
290 2376 322 2440 4.
346 2373 438 2458 Vulg.
462 2383 498 2454 τῇ
522 2372 547 2437 δ’
572 2375 711 2456 ὑστεραία
734 2372 813 2447 αὖθις
837 2376 1039 2455 προσέβαλλον
1061 2377 1127 2456 καί,
1153 2378 1189 2447 ὡς
1213 2375 1327 2453 ι’ίμεινον
1352 2374 1467 2455 φραξα-

202 2496 293 2573 μὲνων
317 2495 412 2558 αὐτῶν
527 2494 615 2558 οὐκέθ’
640 2495 739 2570 ὁμοίως
762 2494 924 2571 ἔβλαστον,
945 2495 1154 2566 ἐσελθόντες
1174 2494 1223 2558 καί
1240 2493 1399 2575 δῃώσαντες
1417 2495 1468 2568 τὴν

202 2622 257 2681 τῶν
277 2615 389 2680 Κνιδίαν
408 2620 464 2688 γῆν
485 2615 514 2683 ἐς
534 2614 586 2686 τίον
608 2610 709 2687 Σοίμον
730 2611 930 2677 οίτέτλενσαν.
961 2612 987 2677 Β
1006 2635 1065 2697 pro
1086 2611 1253 2685 ἐσελθοντες
1275 2612 1355 2697 legit
1373 2615 1467 2677 οίτελ-

205 2733 316 2807 tirum,
348 2729 389 2796 ab
423 2726 570 2795 omnibus
594 2729 679 2812 quod
703 2729 820 2807 sciam,
844 2729 1018 2795 editoribus
1043 2730 1222 2813 probatum.
1268 2729 1352 2795 Num
1372 2730 1472 2815 jure?

203 2849 344 2933 Vulgata
378 2867 441 2931 quc
476 2847 570 2912 modo
605 2846 771 2931 hucusque
808 2847 931 2914 solebat
960 2848 1161 2934 interpungi‚
1195 2853 1353 2914 commate
1385 2848 1470 2913 inter

203 2970 356 3046 ἔβλαστον
381 2971 412 3032 et
435 2964 609 3037 dretturer
634 2967 756 3049 posito,
781 2967 912 3034 retineri
934 2988 998 3033 non
1020 2968 1140 3055 potuit,
1157 2964 1303 3051 liberque
1318 2965 1345 3030 B
1362 2986 1471 3031 neces·

206 3087 290 3152 sario
314 3089 386 3151 erat
410 3083 599 3166 sequendus.
644 3083 726 3161 Quid
751 3090 856 3149 autem
881 3085 907 3150 si
931 3084 1062 3169 legimus
1085 3086 1173 3148 οὐκέθ’
1195 3085 1292 3160 ὁμοίως
1318 3083 1471 3159 ἕβκκττον

205 3207 389 3288 ε’τελίίντες,
412 3201 461 3266 καί
485 3202 635 3284 ipsiorum
659 3208 711 3278 τὴν
734 3210 789 3268 τῶν
814 3204 926 3268 Κνιδίων
949 3197 1005 3282 γῆν
1020 3207 1052 3294 ἐς
1069 3206 1120 3278 τὴν
1137 3204 1239 3279 Σοίμον
1254 3204 1474 3270 οίτέτλενσανῗ

205 3324 295 3389 Haec
324 3322 439 3405 lectio,
469 3322 502 3385 ni
534 3323 642 3388 omnia
675 3343 725 3388 me
748 3322 881 3408 fallunt,
915 3324 955 3389 ab
982 3326 1070 3390 'omni
1092 3331 1185 3408 parte
1209 3346 1243 3390 se
1265 3323 1364 3390 habet
1386 3328 1473 3390 recte

208 3460 342 3524 eamque
366 3460 386 3504 a
408 3438 503 3504 Valla
527 3438 664 3505 stabiliri
686 3439 753 3505 lere
777 3441 922 3507 dixerim:
961 3443 1111 3522 „Postero
1135 3443 1186 3509 die
1207 3463 1318 3508 rursus
1335 3442 1474 3507 subeun-

208 3565 275 3639 teS,
299 3578 396 3642 quum
420 3577 478 3640 per
501 3563 627 3623 noctem
652 3559 806 3642 oppidani
829 3561 941 3626 melius
958 3559 1067 3626 urbem
1084 3559 1285 3644 obsepissent
1302 3608 1309 3624 .
1326 3608 1355 3627 ..
1387 3559 1475 3639 ,non

204 3678 274 3762 jam
297 3674 429 3758 perinde
452 3675 487 3739 in
510 3677 773 3760 oppugnando
796 3699 948 3765 nocuere,
979 3700 1017 3745 ac
1040 3685 1225 3766 pervastato
1247 3677 1375 3744 illorum
1399 3697 1476 3763 agro

208 3795 242 3860 in
267 3792 396 3858 Samum
420 3789 574 3858 rediere’'.

256 4090 362 4176 Caput
377 4089 420 4154 36
443 4087 467 4178 ἓ
485 4089 513 4154 1.
536 4088 627 4174 Vulg.
650 4092 694 4162 otc
711 4090 852 4193 Μίακτοκ
870 4091 896 4156 Β
913 4093 927 4155 ε’
933 4115 965 4168 ς,
981 4096 1076 4156 recte.
1092 4088 1204 4156 Valla:
1232 4092 1285 4172 „in
1302 4091 1476 4160 Miletum''.

256 4210 332 4292 §2
362 4207 457 4292 Vulg.
487 4207 536 4271 καί
569 4204 676 4281 ἄλλας,
700 4207 769 4295 ἐστί’·
783 4210 954 4291 Θνριικένονο
985 4207 1123 4287 ταρίντος
1152 4210 1269 4277 ἕτοίονν.
1306 4211 1394 4277 Βέτι
1418 4233 1478 4296 pro

212 4327 274 4406 ε’σί,
297 4326 371 4392 viris
396 4326 500 4393 doctis
527 4328 790 4411 approbantibus.
830 4327 912 4406 Quid
936 4331 1042 4393 autom
1062 4326 1175 4407 refert,
1194 4335 1299 4396 utrum
1316 4329 1478 4429 Therima-
