3098 4988
793 345 856 409 ’86

207 587 250 663 μὶν
280 586 474 664 ἐλευθερῶσαι.
520 598 542 650 Β
572 584 730 666 βαρβάρων
760 585 917 672 neglexit,
950 584 1097 651 Reiskius
1121 587 1214 672 ejecit
1236 590 1292 650 τῶν
1313 586 1471 683 Ἑλλήνων.

207 704 273 770 Ant
294 711 465 787 utrumque
488 725 604 771 nomen
626 705 792 789 proprium
814 705 990 772 tollendum
1015 712 1083 785 est,
1105 706 1192 790 quod
1215 705 1292 772 feeit
1310 705 1472 772 Vallena·

207 824 290 898 rius,
315 828 372 889 aut
394 828 558 903 neutrum,
582 823 770 889 alterutrum
794 826 914 890 servari
937 846 1001 890 non
1022 826 1105 891 lieet.
1130 824 1226 890 Valla
1241 826 1390 910 vulgatae
1407 846 1470 890 ree-

207 942 345 1026 pondet:
380 962 479 1027 „quos
509 943 694 1026 neutiquam
726 941 876 1009 credibile
909 948 1012 1026 esset,
1044 963 1141 1028 quum
1174 942 1316 1010 Graecos
1343 965 1472 1010 nunoa

207 1061 339 1127 Graecis
353 1071 356 1077 '
370 1061 449 1145 ipsis
480 1061 671 1140 liberarent,
694 1081 757 1126 non
781 1059 974 1127 liberaturos
1001 1081 1070 1127 esse
1094 1082 1115 1125 a
1138 1060 1286 1128 barbaris
1311 1061 1471 1128 eosdem'’.

251 1176 275 1268 ἓ
298 1180 328 1246 5.
353 1179 445 1263 Vulg.
470 1186 539 1251 ναῦς
562 1179 686 1257 φάσκων
701 1177 786 1264 ἥξειν,
808 1181 968 1258 ΒΦάοκων
985 1184 1055 1250 ναῦς
1071 1177 1156 1254 ἥκειν.
1186 1179 1295 1246 Valla:
1315 1178 1471 1258 „dicendo

306 1319 403 1363 naves
424 1297 619 1363 Phoenicum
641 1296 819 1364 venturas''.
854 1298 1010 1382 Vulgatee
1034 1296 1109 1374 ἥξειν
1132 1297 1224 1364 unioe
1247 1320 1365 1364 verum.
1440 1330 1443 1336 ·

249 1417 445 1500 Ibid.·ang.
468 1416 509 1481 τά
531 1441 564 1481 τε
586 1414 671 1480 άλλα
688 1418 946 1498 καταφανέστερον
965 1417 982 1490 ἢ
1002 1417 1076 1481 ὥστε
1092 1417 1241 1482 λανθάνειν
1256 1419 1287 1482 οὐ
1304 1418 1470 1498 προθύμως,

206 1535 296 1601 ouius
326 1535 470 1601 lectionis
501 1535 619 1601 rudera
640 1535 673 1599 in
696 1536 855 1620 integrum
878 1536 1017 1601 restituit
1040 1534 1247 1613 ξυνεπολέμεν,
1272 1536 1360 1619 quod
1383 1537 1473 1602 addit

205 1653 250 1732 B,
279 1653 428 1737 quodque
458 1675 479 1718 a
502 1652 597 1719 Valla
628 1653 791 1719 stabilitur
824 1655 878 1735 „in
910 1655 1024 1720 ceteris
1056 1675 1183 1738 quoque
1207 1655 1350 1739 apertius
1374 1676 1472 1738 agens

207 1793 303 1856 quam
326 1777 362 1837 ut
386 1771 618 1837 occultaretse
641 1792 706 1837 non
728 1771 866 1838 libenter
880 1771 944 1838 illis
962 1772 1057 1838 sociis
1072 1792 1183 1856 gerere
1199 1770 1346 1838 bellum.'’
1370 1770 1472 1837 Valde

207 1890 328 1957 arridet
351 1891 481 1974 elegans
504 1889 623 1956 Naberi
647 1892 802 1957 eorrectio
825 1892 996 1973 ἀπροθύμως
1019 1912 1078 1977 pro
1101 1893 1132 1956 οὐ
1156 1893 1314 1971 προθύμως.

251 2186 356 2274 Caput
386 2189 427 2254 47
459 2186 483 2278 ἓ
510 2193 536 2254 1.
570 2187 662 2279 Vulg.
695 2191 746 2264 aba
773 2190 877 2254 ἑαυτοῦ
901 2189 1015 2254 κάθοδον
1037 2191 1066 2261 ἐς
1089 2192 1142 2262 τὴν
1164 2188 1292 2270 πατρίδα
1316 2191 1474 2271 ε’πνάερα-

206 2309 319 2372 νεύων
341 2312 442 2386 reote‚
466 2313 499 2373 et
522 2306 631 2374 Valla:
657 2290 826 2388 „suumin
848 2309 986 2393 patriam
1011 2308 1148 2374 reditum
1173 2306 1335 2375 curabat.'’
1358 2309 1475 2394 Perpe-

206 2447 275 2494 ram
299 2427 325 2492 Β
349 2426 535 2506 ἕάεραπεάων.

252 2544 276 2635 ἓ
300 2549 329 2611 2.
355 2543 446 2629 Vulg.
471 2544 659 2622 Ἀλκιβιάδου
684 2546 987 2627 προσπέμψαντος
1008 2546 1112 2625 λάρους
1128 2549 1156 2618 ἐς
1172 2546 1238 2618 τοὺς
1254 2546 1473 2616 δυνατωτάτους

207 2669 310 2733 αὐτῶν.
357 2664 406 2729 Ex
428 2665 560 2742 litteris,
585 2686 666 2749 quae
686 2667 754 2751 Jam
779 2666 977 2749 aliquamdiu
1000 2667 1158 2732 exereitus
1178 2666 1252 2731 viris
1269 2664 1474 2731 nobilissimis

207 2785 250 2868 (ἐς
273 2785 338 2855 τοὺς
362 2783 579 2854 δυνατωτάτους
606 2785 732 2868 αὐτῶν)
762 2784 885 2850 dandae
909 2789 1076 2850 curaverat
1098 2783 1296 2861 Alcibiadae,
1322 2784 1473 2849 certiores

207 2908 299 2968 erant
329 2899 407 2967 lacti
438 2900 553 2966 milites
584 2902 621 2986 (οἱ
654 2903 681 2964 ἐν
704 2912 741 2984 τῇ
765 2903 859 2981 Σάμῳ
882 2902 1037 2978 Ἀθηναίων
1060 2904 1251 2987 στρατιῶται)
1283 2922 1355 2990 euin
1387 2901 1472 2985 apud

207 3020 452 3105 Tissaphernem
491 3041 633 3086 summae
672 3041 743 3087 esse
785 3022 910 3106 gratiae
952 3025 985 3085 et
1027 3020 1226 3086 auctoritatis
1261 3039 1399 3103 eumque
1434 3019 1473 3083 de

206 3138 375 3205 evertendo
408 3138 646 3204 Atheniensium
672 3144 757 3204 statu
782 3139 931 3224 populari
955 3140 1104 3224 cogitare.
1151 3139 1356 3224 Quapropter
1379 3161 1473 3222 prae-

207 3262 270 3324 stat
295 3256 443 3323 Vatioani
474 3256 728 3341 προπέμψαντας,
762 3259 848 3342 quod
872 3258 967 3324 Valla
997 3279 1143 3342 quoque:
1180 3258 1267 3341 „ipse
1285 3265 1407 3341 antea
1430 3258 1472 3322 ad

205 3375 446 3459 potentissimos
470 3375 624 3440 mandata
647 3374 811 3441 dederat.'’

251 3493 330 3560 Ibid.
355 3494 447 3578 Vulg.
480 3495 596 3577 πονηρία
718 3505 755 3574 τῇ
778 3495 904 3561 ἑαυτάν
927 3495 1103 3578 ἕκβαλοάορ.
1151 3507 1172 3560 Β
1197 3494 1310 3573 αὐτὸν,
1333 3493 1473 3562 fortasse

206 3615 310 3680 minus
335 3612 552 3696 significanter
575 3613 711 3694 dietum,
736 3634 930 3698 quamquam
955 3620 1062 3699 potest
1082 3614 1167 3680 ferri.
1202 3613 1312 3682 Valla:
1344 3637 1384 3695 „a
1410 3637 1473 3700 quo

206 3739 292 3800 osset
314 3732 455 3800 eiectue”

249 4031 354 4116 eaput
377 4031 421 4095 48
437 4034 457 4114 ξ
476 4032 504 4095 1.
527 4028 619 4115 Vulg.
644 4030 693 4095 sal
719 4032 827 4107 ἕκονάάν
844 4031 975 4112 πρότερον
991 4035 1019 4096 ἕν
1035 4033 1075 4113 τῷ
1091 4030 1275 4111 στρατοπέδω
1296 4034 1406 4114 τούτῳ
1421 4037 1470 4099 καὶ

205 4152 234 4222 ἐς
257 4151 309 4225 τὴν
333 4150 416 4215 πάλιν
440 4151 566 4214 ἐντεῦθεν
591 4146 712 4229 ὕστερον.
751 4149 854 4227 Quam
878 4150 1063 4234 periodum,
1087 4151 1176 4216 cuius
1200 4151 1288 4235 prior
1312 4153 1471 4218 sententia

206 4265 350 4353 subjecto
375 4273 464 4336 oaret
487 4269 589 4334 altera
613 4268 722 4334 autem
744 4268 859 4348 verbo,
883 4270 917 4334 in
939 4269 1098 4354 integrum
1121 4270 1264 4335 restituit
1278 4269 1322 4355 B,
1339 4271 1395 4355 qui
1411 4293 1470 4356 pro

204 4386 303 4467 τούτῳ,
328 4386 412 4469 quod
436 4386 504 4452 sine
529 4385 595 4451 ulla
619 4385 849 4472 significatione
874 4408 945 4451 oum
964 4388 1149 4467 στρατοπέδῳ
1165 4388 1378 4472 conjungitur,
1394 4390 1470 4474 legit
