3098 4988
748 305 789 370 81

183 540 262 607 Ibid.
287 542 375 628 Vulg.
411 546 461 608 καί
498 541 588 608 πλείω
623 545 672 608 τὸν
705 550 796 609 πλοῦν
831 544 878 609 δαὶ
910 550 1048 624 Φυλακῆς
1078 544 1263 620 τουροοίμευοο
1294 545 1322 615 ἐς
1353 545 1404 617 rior

137 667 248 728 Καῦνον
279 671 330 737 τῆς
363 663 466 736 Ἀσίας
499 673 638 744 κατῆραν.
684 664 758 729 Fuit
788 663 1065 751 Wilamowitzirs,
1093 664 1148 747 qui
1163 663 1191 744 1)
1214 684 1274 747 pro
1298 660 1403 732 Ἀσίας

137 783 319 868 suspicatus
359 791 408 851 est
451 785 562 865 Καρίας
606 783 899 852 contradicentibus
945 783 1121 867 Classem,
1168 783 1402 865 llerwerdeno,

138 900 281 980 Stahlio,
319 923 454 987 quorum
489 903 611 987 primus
648 903 710 968 sic:
755 892 817 983 „Es
852 901 929 986 liegt
964 900 1064 984 nahe,
1101 901 1152 967 die
1186 899 1403 967 bestimmtere

136 1021 360 1107 Bezeichnung
394 1031 447 1097 τῆς
485 1024 593 1101 Καρίας
629 1044 667 1087 zu
707 1028 881 1088 vermuten.
928 1023 1017 1088 Doch
1053 1021 1109 1086 hat
1142 1021 1197 1086 Th.
1234 1018 1285 1085 die
1320 1018 1404 1103 alge-

136 1141 241 1205 meine
272 1142 359 1205 ’Λοία
391 1140 474 1206 auch
505 1141 542 1219 4,
576 1141 636 1219 75,
668 1140 783 1206 idem
815 1140 1022 1207 thralrischen
1045 1140 1196 1206 Festland
1220 1139 1285 1204 und
1317 1136 1355 1216 5,
1383 1139 1400 1202 1

136 1258 195 1324 der
229 1259 315 1325 Insel
349 1260 446 1325 Delos
482 1258 675 1344 gegeniiber,
714 1259 771 1325 wie
810 1258 879 1324 hier
917 1259 974 1323 der
1012 1256 1098 1322 Insel
1136 1255 1266 1324 Kreta.”
1315 1257 1404 1323 Loca

135 1377 270 1445 laudata
304 1379 365 1443 etsi
400 1400 464 1445 non
498 1376 618 1444 infitior
652 1377 826 1462 prudenter
861 1398 932 1442 esse
964 1377 1083 1460 electa,
1116 1377 1262 1461 equidem
1295 1381 1403 1442 tamen

137 1517 202 1561 non
226 1496 339 1581 credo,
371 1496 398 1562 si
422 1497 455 1561 in
478 1496 560 1563 libro
584 1495 650 1562 ullo
673 1497 783 1577 Καρίας
807 1496 1009 1574 inveniretur,
1040 1496 1081 1562 de
1104 1495 1250 1564 lectionis
1274 1497 1403 1563 sinceri-

136 1621 203 1682 tate
235 1636 428 1701 quemquam
459 1614 633 1684 dubitasse.
680 1615 835 1694 Quocirca
870 1637 987 1700 operae
1018 1618 1155 1700 pretium
1185 1638 1255 1683 esse
1278 1616 1402 1683 videtur

139 1736 304 1800 attendere
335 1736 376 1800 ad
408 1735 603 1819 singularem
634 1734 869 1818 praestantiam
897 1733 972 1799 libri
995 1735 1124 1812 Vallae,
1159 1736 1210 1800 cui
1233 1734 1403 1819 debemus,

138 1857 174 1918 ut
205 1856 333 1936 Καρίας,
366 1860 452 1921 certo
477 1855 594 1920 certius
617 1853 712 1920 lectio
735 1875 824 1931 vera,
860 1859 998 1921 aetatem
1023 1856 1148 1922 tulerit:
1175 1861 1228 1934 „et
1250 1856 1403 1939 pleraque

141 1974 343 2059 navigatione
367 1995 426 2058 per
448 1973 627 2039 custodiam
650 1972 814 2053 conlecta,
838 1979 1009 2039 tenuerunt
1035 1973 1077 2039 ad
1101 1973 1244 2039 Gonnum
1260 1972 1403 2039 Gariae''.

139 2093 171 2159 Si
197 2094 269 2177 quis
293 2093 333 2158 de
355 2093 538 2177 interpretis
561 2093 661 2176 ipsius
685 2092 907 2158 emendatione
932 2092 1134 2177 cogitandum
1158 2092 1296 2159 fortasse
1318 2093 1402 2158 exis-

138 2213 247 2296 timet,
271 2212 363 2278 velim
386 2233 518 2296 rogare,
542 2233 616 2276 num
642 2211 809 2277 verisimile
833 2212 875 2276 sit
897 2211 932 2276 in
948 2212 1015 2276 viro
1031 2232 1168 2295 graecae
1184 2211 1312 2295 linguae
1335 2217 1403 2277 tam

138 2354 250 2416 parurn
287 2353 404 2415 gnaro,
439 2337 475 2398 ut
509 2330 646 2416 puerilia
679 2331 838 2396 interdum
874 2352 939 2395 non
973 2331 1230 2415 intellexerim),
1269 2351 1402 2396 acumen

139 2451 283 2516 criticum
305 2448 420 2516 fuisse!

184 2686 289 2771 Caput
310 2687 354 2752 40
376 2686 400 2778 ξ
419 2688 448 2753 l.
473 2686 567 2770 Vulg.
592 2687 615 2752 οί
639 2686 668 2750 δὲ
693 2693 752 2750 Χία
877 2687 981 2767 καίτερ
1004 2687 1200 2762 διαμέλλοντα
1224 2661 1272 2750 τὸν
1292 2686 1401 2753 Ἀστύ-

138 2831 205 2887 οχον
229 2808 434 2883 πέμποντες
458 2806 608 2883 dyptica
632 2804 724 2881 ἠξίουν
846 2806 997 2883 βοηθῆσαι.
1021 2819 1043 2870 Β
1063 2806 1290 2890 πέμψαντες,
1316 2807 1401 2888 quod

139 2924 369 3010 significantius
401 2925 522 2991 dictum
553 2929 650 3008 putat
672 2924 853 2991 Classenus.
886 2924 1087 2992 Contrarium
1116 2925 1262 3008 equidem
1289 2926 1401 3004 credo;

138 3066 244 3112 nonne
278 3044 451 3110 ferventior
494 3045 596 3110 oratio
631 3045 738 3108 evadit
771 3066 829 3128 per
864 3044 1070 3129 participium
1105 3046 1302 3129 praesentis:
1341 3045 1401 3110 etsi

137 3165 318 3250 Astyochus
354 3171 532 3242 cunctatur,
569 3163 639 3229 chii
674 3165 826 3230 auxilium
860 3186 975 3249 rogare
1010 3186 1072 3230 non
1105 3165 1254 3231 desinunt
1284 3166 1401 3231 semel

136 3286 352 3368 iterumque
386 3284 508 3368 legatos
543 3285 752 3350 mittentes.
799 3283 949 3362 Accedit,
983 3285 1068 3369 quod
1091 3290 1223 3368 propter
1246 3305 1401 3369 praesens

136 3405 334 3480 διαμέλλοντα
357 3402 562 3486 praetulerim
589 3423 715 3486 quoque
738 3403 913 3479 πέμποντες.
949 3401 1041 3469 Valla
1064 3402 1194 3470 liberius
1222 3423 1299 3488 „per
1321 3425 1403 3469 nun·

137 3525 198 3590 lios
226 3522 395 3590 orabant.'’
443 3523 614 3606 Vulgatam
638 3522 769 3588 retinuit
793 3522 944 3589 Stablius.

188 3760 293 3845 Caput
317 3762 405 3849 42&
429 3764 459 3827 2.
484 3762 576 3846 Vulg.
599 3769 649 3827 τοῦ
668 3763 721 3840 μὲν
743 3767 868 3843 φανεροῦ
893 3762 951 3837 ἤδη
975 3761 1078 3832 ὄντος.
1106 3761 1257 3827 Perverse
1281 3766 1402 3827 mutato

138 3881 247 3946 ordine
270 3881 297 3944 B
321 3880 419 3952 ὄντος
443 3881 512 3956 ἤδη.
549 3881 642 3947 Valla
666 3881 842 3965 neglexisse
864 3881 990 3947 ridetur
1013 3879 1215 3945 adverbium:
1241 3881 1342 3965 „adeo
1367 3885 1402 3944 ut

139 3997 300 4064 sinistrum
324 4019 423 4063 cornu
448 3999 568 4065 reniret
590 3999 623 4064 in
648 4005 852 4083 conspectum
877 3997 1143 4063 Atheniensium.”

169 4277 196 4344 l)
214 4278 325 4328 Hermes
344 4278 402 4330 llll.
419 4292 477 4346 pag.
494 4278 551 4332 366.

170 4373 197 4440 2)
215 4375 247 4426 cf.
266 4373 347 4438 praei.
364 4389 422 4440 pag.
440 4374 484 4426 Vl.
