3098 4988
741 305 786 370 46

133 542 161 608 si
192 541 343 625 scriptori
373 547 483 607 nostro
513 541 727 626 imputamus,
760 540 906 625 quaestio
934 541 1036 608 oritur
1064 541 1284 610 scribamusne
1308 567 1406 608 κατα-

133 663 306 745 λειφθέντα
330 663 386 748 (Β)
409 660 457 728 vel
480 660 738 742 παραλειφθέντα
756 660 877 747 (Vulg.)
893 682 935 727 an
951 683 1024 728 cum
1039 661 1134 729 Valla
1148 666 1406 744 καταληφθέντα.

137 779 238 860 Quale
262 779 407 846 futurum
430 780 472 845 sit
494 799 684 864 responsum
707 777 783 845 inde
805 780 944 863 pendet,
972 786 1079 847 utrum
1104 785 1285 848 statuamus
1310 779 1406 867 Syra·

133 920 271 966 cusanos
302 898 456 965 clausisse
488 903 617 982 portum
646 903 751 964 totum
781 918 823 964 an
847 898 942 964 modo
965 897 1107 966 faucium
1131 903 1266 985 partem.
1313 899 1405 967 Clas-

133 1039 230 1085 senus
252 1019 337 1085 hunc
360 1019 394 1082 in
417 1017 546 1084 modum
569 1017 729 1101 disputat:
756 1017 808 1097 „ri
831 1016 952 1098 ζεῦγμα
975 1018 1027 1084 die
1050 1019 1091 1100 (o.
1109 1017 1162 1097 59,
1178 1019 1214 1104 2)
1233 1019 1411 1104 angelegte·

133 1137 350 1222 Haiansperre
380 1136 415 1202 in
448 1136 552 1203 dieser
575 1135 740 1218 bezeignet
763 1136 913 1208 διέκπλους
936 1135 1008 1202 hier
1040 1137 1102 1202 den
1126 1158 1182 1202 zur
1207 1136 1407 1204 Durchfahrt

133 1257 367 1342 gelassenen
399 1255 511 1322 Raum.
557 1256 628 1322 Dan
658 1255 734 1321 dass
764 1255 816 1320 die
855 1254 1047 1342 Syrakusier
1077 1255 1129 1322 bei
1159 1256 1218 1322 der
1241 1255 1406 1342 Sperrung

134 1375 221 1442 ihres
253 1375 387 1460 eigenen
418 1372 541 1440 Hafens
573 1394 630 1439 zur
653 1372 897 1460 Verhinderung
920 1375 977 1442 der
1000 1372 1102 1442 freien
1125 1375 1328 1443 Durohfahrt
1351 1377 1408 1443 der

136 1494 256 1561 Feinde
286 1492 339 1560 fiir
365 1492 436 1559 ihre
467 1492 577 1576 eigene
609 1492 798 1577 Benutaung
830 1494 901 1560 eine
924 1492 1083 1580 Oeffnung
1105 1495 1255 1578 gelassen
1277 1494 1403 1572 haben,

137 1612 261 1679 scheint
292 1613 353 1678 mir
383 1612 564 1697 notwendig
594 1613 832 1694 anzunehmen,
863 1634 955 1679 wenn
984 1634 1019 1679 es
1043 1613 1126 1681 auch
1148 1613 1238 1680 nicht
1261 1615 1406 1681 eruithnt

136 1730 205 1798 ist’'.
240 1730 310 1798 Hac
341 1731 374 1796 in
404 1751 440 1796 re
471 1730 580 1797 aviro
604 1731 698 1798 docto
722 1731 873 1798 dissideo.
906 1732 1061 1816 Equidem
1087 1728 1276 1818 scripturam
1300 1733 1407 1818 ipsum

138 1851 253 1917 dooere
276 1850 422 1917 existimo
445 1849 604 1916 intervalli
626 1855 738 1935 portus
761 1848 902 1917 faucium
925 1851 1031 1935 aperti
1054 1851 1133 1917 nihil
1151 1850 1300 1918 relictum
1317 1871 1408 1936 esse,

138 1988 209 2034 oum
240 1967 317 2052 quia
345 1967 385 2035 de
407 1966 466 2034 tali
489 1968 627 2034 transitu
650 1987 810 2052 nusquam
832 1967 870 2035 fit
891 1969 1009 2036 mentio
1034 1975 1102 2036 tum
1126 1968 1284 2054 imprimis
1310 1989 1408 2054 prop-

139 2093 189 2152 ter
212 2109 240 2153 c.
267 2088 310 2153 70
334 2088 353 2166 ἐ
380 2089 396 2152 1
422 2087 519 2161 ἐπειδὴ
550 2086 575 2151 δ’
601 2089 625 2152 οἱ
651 2087 794 2163 Ἀθηναῖοι
824 2087 1018 2169 προσέμισγον
1041 2090 1081 2170 τῷ
1104 2087 1270 2172 ζεύγματι,
1294 2097 1332 2170 τῇ
1355 2089 1410 2166 μέν

139 2205 237 2288 πρύτη
257 2205 334 2289 ῥύμη
363 2208 548 2279 ἐπιπλέοντες
578 2207 713 2287 έκρούτονν
743 2210 799 2272 τῶν
829 2210 1020 2285 τεταγμένων
1049 2212 1116 2272 νεῶν
1149 2210 1218 2287 πρὸς
1241 2209 1333 2288 αὐτῷ,
1359 2206 1409 2271 καὶ

141 2326 328 2405 ἐπειρῶντο
358 2325 454 2391 λύειν
485 2326 549 2398 τὰς
580 2328 733 2409 κλήσεις.
781 2328 829 2392 De
853 2325 992 2403 ‚introitu
1015 2326 1116 2392 altum
1141 2325 1321 2392 silentium!
1354 2323 1409 2392 Se·

145 2443 255 2528 quitur
284 2443 382 2530 igitur
411 2450 449 2511 ut
479 2443 585 2512 uerbis
615 2446 808 2510 καταλείπειν
837 2449 870 2511 et
899 2446 1074 2524 περιλείπειν
1104 2446 1196 2511 locus
1223 2444 1267 2511 sit
1289 2443 1410 2511 nullus.

143 2562 238 2629 Valla
261 2563 317 2647 qui
339 2569 457 2631 vertat:
484 2562 614 2644 „fauces
638 2567 751 2648 portus
770 2563 839 2648 jam
861 2562 1136 2649 praeoccupatas”
1159 2568 1197 2629 ut
1219 2584 1330 2631 omnes
1350 2563 1411 2630 viri

144 2681 230 2748 docti
262 2681 482 2766 consentiunt,
513 2680 590 2767 legit
611 2682 845 2762 καταληφθέντα
867 2680 966 2766 idque
989 2687 1085 2749 recte.
1132 2681 1345 2750 Athenienses
1369 2682 1411 2750 ad

145 2804 258 2895 portus
295 2799 438 2866 claustra
471 2799 669 2866 vehebantur
704 2805 857 2867 conantes
885 2805 923 2866 ut
952 2799 1214 2885 pernavigatione
1244 2801 1279 2867 in
1310 2801 1412 2868 altum

146 2917 233 2984 exire
245 2923 377 3002 possent
388 2916 563 2995 βιασάμενοι
579 2916 627 2982 rio
643 2918 874 3000 καταληφθέντα
890 2919 1056 2999 διέκπλσννς
1071 2918 1189 2985 etenim
1206 2923 1246 3004 (c.
1261 2921 1319 3006 70)
1334 2943 1413 2999 προ-

147 3036 402 3117 εξαναγαγθμενοι
425 3039 448 3103 oi
474 3037 730 3120 Σνρακύσιοι....
755 3039 856 3126 ναυσὶ,
881 3039 975 3105 κατθι
998 3065 1035 3105 τε
1059 3041 1116 3106 τὸν
1139 3041 1293 3105 ἔκπλουν
1317 3040 1413 3118 μέρει

147 3158 262 3223 αύσῶν
285 3155 501 3240 ἐφύλασσον.
525 3157 710 3225 Lectionem
731 3157 829 3243 igitur
854 3157 940 3223 huno
966 3157 999 3224 in
1025 3157 1154 3223 modum
1177 3157 1332 3224 restituo:
1357 3158 1414 3223 θθὲ

149 3276 331 3354 Δημοσθένης
362 3275 411 3341 καὶ
443 3275 604 3357 Μένανδρος
640 3276 688 3340 καὶ
716 3275 881 3352 Εὐθύδημος
1007 3275 1110 3340 έπλεσν
1136 3275 1206 3354 πρὸς
1232 3276 1266 3338 τὸ
1293 3273 1415 3356 ζεῦγμα

147 3399 198 3459 τοῦ
229 3366 342 3470 λιμένος
373 3393 456 3480 [καὶ]
483 3393 542 3458 τὸν
573 3393 900 3478 καταληφθένταῑ)
932 3393 1117 3459 διέκπλουν
1144 3391 1315 3472 βονλύμενοι
1346 3393 1416 3472 βιού-

62 3530 65 3536 ‘
148 3514 254 3579 τασθαι
282 3513 311 3585 ές
338 3513 371 3580 τέ
399 3512 463 3590 ἔξω.

195 3747 302 3834 Caput
326 3749 412 3833 705
439 3751 467 3814 1.
493 3748 586 3833 Vulg.
610 3750 707 3820 αὐτοῖς
731 3745 817 3826 θύμα,
841 3761 863 3813 Β
886 3747 955 3826 ἅμα
979 3750 1086 3820 αὐτοῖς.

195 3867 275 3934 lbid.
306 3865 384 3957 §2
413 3864 503 3950 Vulg.
536 3865 633 3940 ἐπειδη
664 3867 688 3931 δ’
719 3866 743 3929 οἱ
772 3862 859 3930 ἄλλοι
884 3868 1025 3941 Ἀθηναῖοι
1049 3865 1242 3944 προσέμισγον
1265 3868 1307 3950 τῷ
1331 3866 1419 3949 ζεύγ·

152 4011 236 4066 μασι.
260 3985 397 4053 Omnino
422 3985 659 4052 concedendum
682 3991 731 4052 est
755 3983 908 4052 Classeno
930 3984 1121 4052 Vaticanum
1145 3992 1179 4052 et
1197 4006 1320 4070 paucos
1338 3987 1419 4054 alios

186 4270 215 4336 1)
232 4271 313 4322 Video
335 4270 467 4322 Stahlium
491 4284 595 4334 quoque
612 4269 768 4334 praetulisse
785 4266 992 4332 καταληφθέντα.
1023 4267 1060 4319 Gi.
1077 4268 1208 4333 Popponis
1226 4269 1306 4322 aditio
1324 4273 1421 4339 altera,

156 4381 236 4431 quarn
254 4368 327 4418 auxit
345 4372 371 4418 et
388 4366 537 4418 emendavit
556 4364 682 4417 Stahliua.
