3098 4988
149 1040 268 1107 Studiis
304 1039 383 1105 meis
410 1038 480 1123 jam
506 1037 576 1122 jam
610 1014 705 1103 finem
736 1012 927 1122 impositnro
959 1008 1036 1101 mihi
1066 1034 1146 1102 nihil
1178 1034 1282 1102 carius
1313 1054 1373 1100 neo

104 1174 227 1259 gratius
258 1180 307 1240 est
336 1193 433 1256 quam
465 1177 501 1237 ut
531 1170 618 1250 Tibi,
651 1169 834 1236 Clarissima
864 1169 1002 1255 Naana,
1041 1170 1082 1237 ob
1116 1169 1373 1236 benevolentiam

104 1314 202 1391 atque
240 1305 488 1383 humanitatem,
529 1303 645 1388 quibus
683 1325 735 1369 me
773 1324 899 1389 semper
933 1309 1123 1389 prosecutus
1158 1324 1212 1382 es,
1250 1302 1372 1388 gratias

105 1462 202 1524 quam
240 1437 397 1505 maximas
437 1458 539 1522 agam.
585 1436 779 1503 Persuasum
817 1435 889 1503 Tibi
927 1435 1019 1503 velim
1059 1457 1110 1503 me
1149 1435 1372 1503 excellentium

104 1576 244 1641 Tuorum
266 1577 515 1659 praeceptorum
537 1591 710 1638 memorem
732 1575 825 1656 grato
849 1569 956 1637 animo
981 1590 1107 1654 semper
1128 1569 1372 1637 recordaturum

106 1730 188 1792 quae
221 1712 406 1792 quantaque
440 1705 511 1773 Tibi
546 1706 692 1772 debeam.
741 1704 829 1783 Quae
863 1705 989 1791 singula
1018 1705 1071 1771 hic
1101 1725 1152 1771 me
1183 1705 1372 1791 praedicare

105 1863 210 1927 neque
242 1842 412 1908 multitudo
440 1841 579 1908 Tuorum
602 1838 828 1907 beneficiorum
852 1838 947 1924 sinit,
978 1859 1083 1923 neque
1105 1838 1170 1916 Tu,
1195 1838 1223 1904 si
1247 1838 1372 1925 siverit,

105 1977 192 2044 velis.
239 1979 284 2044 Ut
314 1978 386 2062 pari
414 1976 484 2044 Tua
506 1982 539 2043 at
560 1977 594 2041 in
617 1980 783 2061 posterum
806 1995 883 2059 erga
906 1995 956 2040 me
980 1974 1202 2041 benevolentia
1225 1974 1272 2040 uti
1296 1974 1375 2040 mihi

106 2114 218 2199 liceat,
251 2113 348 2179 etiam
372 2116 469 2196 atque
493 2112 590 2178 etiam
612 2131 701 2196 rogo.

148 2248 190 2312 Et
213 2246 338 2330 Vestri,
363 2245 433 2311 Viri
457 2243 634 2312 Clarissimi
656 2244 833 2332 Kanerur,
850 2244 1014 2309 Bnunnan
1030 2241 1179 2325 Srauvr,
1195 2243 1374 2329 Veneror,

105 2399 172 2446 vnn
194 2399 266 2446 nnn
289 2381 353 2466 Es,
376 2400 513 2463 quorum
537 2379 666 2464 egregia
688 2377 837 2444 doctrina
860 2397 1048 2461 summaque
1071 2377 1272 2444 humanitate
1296 2399 1374 2444 usus

107 2534 191 2595 sum,
214 2520 308 2598 grato
333 2533 459 2598 semper
481 2511 588 2579 animo
612 2511 795 2578 meminero.

150 2645 221 2711 Tibi
245 2667 373 2730 quoque
396 2668 437 2713 ex
457 2646 555 2712 animi
571 2645 731 2713 sententia
746 2645 869 2730 gratias
885 2665 946 2731 ago
962 2645 1009 2711 vir
1026 2644 1208 2712 doctissime
1224 2644 1261 2712 L.
1279 2645 1311 2712 J.
1326 2645 1375 2713 W.

108 2779 209 2866 Sum,
225 2778 391 2866 Gymnasii
404 2779 637 2847 Silvaducensis
648 2785 754 2847 rector
766 2779 1043 2865 aestumatissime,
1058 2778 1146 2847 cuius
1158 2785 1267 2846 utrum
1277 2780 1375 2847 bene-

107 2915 279 2981 volentiam
301 2914 403 2999 pluris
426 2913 544 2981 faciam
567 2915 676 2981 nescio
700 2935 741 2979 an
764 2913 992 2996 eruditionem,
1008 2913 1141 3001 cuique,
1165 2920 1202 2981 ut
1216 2914 1372 2981 librorum

105 3050 245 3117 Tuorum
284 3048 457 3134 singularis
494 3048 590 3134 pretii
624 3047 907 3133 praestantiaeque
941 3049 1068 3133 copiam
1104 3048 1248 3132 quotidie
1282 3048 1373 3116 adire

106 3184 183 3249 mihi
213 3184 341 3261 liceret,
374 3182 486 3250 debeo.
532 3181 659 3249 Fierine
689 3186 812 3266 potest,
846 3181 1030 3248 doctissime
1064 3180 1223 3269 S1onnvo,
1257 3190 1294 3250 ut
1316 3183 1377 3248 Tui

105 3318 225 3403 ingenii
255 3318 412 3386 acuminis
442 3318 609 3385 immemor
640 3338 783 3402 unquam
813 3316 941 3384 futurus
964 3316 1046 3384 sim?
1082 3315 1282 3402 Quamquam
1305 3317 1377 3384 ulti-

106 3474 193 3518 mum
217 3453 278 3532 Te,
303 3452 467 3519 carissime
490 3450 610 3531 frater,
637 3452 812 3537 compello,
835 3453 906 3538 ipse
929 3453 1049 3538 optime
1071 3453 1184 3538 quanti
1199 3452 1244 3519 Te
1259 3452 1376 3520 faciam

108 3587 210 3652 nosti:
236 3587 346 3674 accipe
368 3586 430 3653 hoc
452 3586 616 3673 publicum
640 3608 746 3654 meum
768 3587 853 3674 grati
876 3586 974 3655 animi
997 3586 1222 3656 testimonium.
