3098 4988
757 305 798 369 77

187 542 263 633 §2
301 541 394 627 Vuig.
430 545 466 614 ὡς
501 543 527 614 ἐς
564 541 786 628 πεντακοσίους,
824 526 1022 607 alterutrum
1049 560 1087 604 ex
1121 539 1405 622 interpretamento

142 667 270 745 natum,
294 674 315 726 Β
339 663 367 733 ἐς
392 662 605 733 πεντακοσίους.
651 660 760 726 Valla:
788 660 849 739 „ad
873 656 1091 743 quingentos''.

186 778 210 869 ξ
233 781 263 844 3.
289 779 380 865 Vulg.
405 780 556 863 προσφέρει
579 782 618 861 τῷ
642 806 676 844 τε
703 778 850 860 Πεδορίπιρ
872 779 921 844 καί
946 785 1005 850 τοῖς
1029 778 1104 849 Χίοις
1127 775 1288 855 Ἀστύοχος
1312 775 1408 852 λύγονρ

142 898 169 963 Β
193 904 269 964 ante
293 897 457 979 Ἀστύοχος
482 905 514 966 et
536 900 622 977 λίνον
647 898 799 965 articulos
823 897 925 964 addit.
957 896 1007 961 Ad
1030 897 1078 960 τίν
1102 894 1188 970 λίνον
1212 913 1284 958 vere
1302 897 1411 958 monet

141 1018 269 1102 Poppo:
298 1022 350 1096 „at
372 1017 406 1082 in
428 1018 545 1103 plurali
569 1019 682 1085 saltem
705 1017 853 1102 frequens
877 1016 996 1083 locutio
1018 1016 1122 1087 λίπους
1147 1013 1315 1096 προσφέρειν
1342 1014 1409 1079 sine

144 1131 262 1200 artic.”.
312 1132 422 1200 Valla:
458 1135 655 1221 „Astyoohus
685 1134 794 1201 retulit
824 1156 891 1200 rem
922 1133 964 1199 ad
995 1132 1202 1199 Paedaritum
1235 1137 1332 1216 atque
1367 1131 1409 1196 ad

144 1251 273 1321 Chios''.

189 1487 293 1575 Caput
317 1492 360 1557 33
383 1490 407 1581 ξ
432 1493 458 1557 1.
490 1491 581 1578 Vulg.
613 1492 715 1569 λαβὼν
746 1491 801 1564 τούς
825 1517 858 1555 τε
880 1491 1060 1571 Κορινθίων
1083 1489 1188 1564 πέντε,
1214 1499 1236 1552 Β
1260 1493 1325 1552 τῶν
1348 1498 1409 1552 Κο-

141 1611 279 1689 ρινίίον.
316 1611 412 1678 Valla
437 1615 593 1699 „sumptis
617 1615 758 1700 quinque
783 1613 973 1681 Corinthiis''
997 1613 1075 1679 facit
1100 1616 1212 1678 eontra
1234 1609 1407 1688 Stahlium,

142 1730 198 1813 qui
221 1731 308 1795 πέντε
331 1733 528 1817 proscripsit.

187 1849 267 1914 Ibid.
293 1849 385 1935 Vulg.
409 1850 445 1924 ἃς
469 1853 557 1925 οιύτύς
581 1853 754 1925 Λοινιιονικδις
779 1848 881 1945 ἦλύεν
904 1853 1005 1936 ἔχων,
1029 1850 1112 1915 ἔπλει
1135 1849 1183 1913 ἐπί
1207 1857 1259 1923 τῆς
1274 1849 1408 1922 Μιλήτου

143 1967 211 2047 πρὸς
248 1969 299 2042 τὴν
334 1968 552 2051 νοουιιρχίνιυ,
584 1983 605 2035 Β
638 1971 728 2051 ἔχων
754 1967 853 2044 ἦλύεν
976 1968 1195 2046 νοιυριιοχίοον.
1242 1965 1408 2032 Sollemnis

141 2091 190 2151 est
220 2086 388 2153 verborum
420 2089 514 2168 ordo,
546 2109 640 2172 quem
672 2088 801 2172 vulgata
832 2087 932 2154 refert
963 2087 1002 2153 et.
1034 2089 1071 2164 8,
1106 2089 1136 2156 1.
1159 2087 1212 2160 27,
1238 2085 1269 2148 4.
1316 2084 1407 2162 Quod

141 2204 183 2269 ad
207 2206 371 2285 νονυυρχίυν
396 2206 527 2282 attinet,
552 2207 682 2272 dubium
707 2228 771 2273 non
795 2212 857 2289 est,
881 2208 957 2292 quin
973 2228 1047 2273 vera
1064 2207 1105 2271 sit
1119 2206 1222 2272 lectio.
1247 2203 1286 2270 cf.
1310 2224 1407 2286 supra

141 2343 167 2387 c.
193 2323 246 2389 20.
283 2322 393 2390 Valla:
422 2331 571 2407 „praeter
594 2346 668 2391 suas
694 2325 888 2411 Laconicas,
913 2348 983 2392 cum
1008 2324 1123 2410 quibus
1148 2327 1293 2401 venerat,
1317 2320 1406 2385 Mile-

140 2444 208 2505 tum
233 2438 313 2506 abiit
337 2441 378 2506 ad
403 2462 493 2506 suam
518 2443 758 2512 nauarchiam''.

183 2556 261 2647 §2
298 2557 401 2623 Libri:
426 2560 458 2623 ἐκ
480 2565 531 2624 τοῦ
557 2561 604 2625 ἐπὶ
629 2560 752 2647 ύοίτεροι,
778 2562 871 2643 λύφου
894 2561 1080 2643 διείργοντος,
1105 2562 1163 2626 ucri
1180 2560 1405 2635 academicorum.

136 2677 257 2744 Locum
290 2678 414 2743 sanavit
443 2678 624 2764 Kruegerus
656 2682 779 2748 uncinis
810 2682 976 2748 includens
1004 2682 1064 2745 κοί.
1110 2679 1211 2757 Quam
1236 2677 1404 2744 correctio-

137 2817 210 2861 nem
244 2796 415 2879 probatum
451 2818 520 2863 esse
552 2819 572 2864 a
604 2798 697 2866 Valla
732 2800 810 2865 vidit
844 2799 998 2865 Stahlius:
1040 2799 1100 2878 „ad
1132 2796 1268 2862 alterum
1292 2795 1404 2860 tumuli

135 2914 239 2992 latus,
266 2936 329 3000 quo
354 2915 597 3003 detinebantur,
623 2917 794 2983 stationem
817 2915 1011 2983 habebant''.

132 3075 137 3082 -
180 3032 259 3122 §I'a
283 3034 373 3119 Vulg.
399 3033 531 3109 ἐλθούσης
557 3035 586 3099 δὲ
611 3036 692 3116 τοιροὶ
716 3036 873 3116 Πεδαρίτου
896 3037 1060 3110 ἐπιστολῆς.
1100 3034 1224 3099 Banto
1248 3035 1402 3106 ἐπιστολῆς

137 3151 224 3217 solus
255 3150 354 3218 habet
384 3153 438 3217 ὑπὸ
462 3154 571 3230 νύντοι,
605 3155 690 3238 quod
714 3155 821 3220 omisit
844 3153 953 3221 Valla:
982 3155 1196 3239 „Astyochns:
1226 3156 1402 3235 acceptae

136 3271 308 3338 Paedarito
345 3273 481 3356 epistola
505 3324 512 3340 .
532 3323 538 3337 .
557 3325 589 3357 ‚.
622 3274 781 3359 extemplo
816 3280 959 3341 revectus
997 3279 1045 3339 est
1083 3269 1269 3356 Erythras”.
1315 3269 1401 3335 Nihil

136 3390 240 3455 ausim
263 3387 425 3455 affirmare
449 3392 488 3456 de
511 3393 550 3460 Β.
597 3392 709 3458 Nonne
733 3392 803 3458 fieri
826 3398 950 3476 potest,
973 3397 1009 3457 ut
1034 3391 1087 3454 ὑπὸ
1112 3391 1203 3454 νύκτοι
1226 3387 1335 3453 fictum
1359 3390 1400 3454 sit

135 3530 152 3574 e
184 3511 333 3576 nocturni
368 3511 521 3596 temporis
551 3512 696 3589 notione,
731 3531 815 3595 quae
844 3511 927 3575 inest
957 3511 991 3574 in
1022 3510 1191 3583 ἕννυλίσοιτο
1215 3509 1247 3592 (ξ
1272 3509 1304 3590 2)
1328 3529 1399 3572 cum

134 3634 304 3711 praeterea
337 3630 475 3713 scriptor
505 3635 614 3695 narret
646 3629 841 3714 Astyochum
869 3629 984 3695 litteris
1008 3627 1148 3711 acceptis
1173 3626 1304 3691 statim
1328 3646 1398 3690 esse

134 3753 296 3812 revectum
319 3747 499 3831 Erythras?

177 3862 201 3953 ᾖ
224 3865 255 3928 4.
281 3862 372 3948 Vulg.
396 3865 576 3938 διοιπλεύσοις
600 3866 629 3929 δὲ
648 3865 696 3930 uui
717 3867 730 3930 e‘
751 3877 787 3931 Π.
808 3868 885 3947 παρ’
905 3865 1010 3930 οιύτὸν
1029 3864 1090 3949 (vel
1110 3863 1236 3946 αὐτῶν)
1257 3862 1305 3925 rai
1325 3864 1397 3925 οίνοι-

134 3985 310 4066 ζητήσαντες
342 3987 382 4050 τοὶ
414 3986 475 4067 περί
508 3991 563 4050 τῶν
597 3985 748 4050 δοκούντων
780 3984 943 4062 προδιδόναι.
985 3983 1012 4046 Β
1036 4004 1094 4066 pro
1118 3985 1186 4060 περ’
1209 3981 1296 4045 οιύτδν
1320 3981 1396 4063 legit

133 4105 199 4186 πρδς
231 4103 318 4171 areu
349 4109 450 4183 recte,
485 4105 540 4171 sed
562 4125 621 4189 pro
645 4104 685 4170 rai
710 4103 772 4184 περί
796 4122 968 4188 perperam
991 4100 1118 4168 exhibet
1140 4100 1232 4181 πυροί.
1281 4099 1392 4165 Valla:

137 4226 208 4308 „qui
239 4225 309 4310 ipse
339 4243 403 4307 quo
433 4223 509 4289 illuc
540 4224 582 4289 ad
613 4243 685 4288 eum
715 4223 903 4306 trajecerat,
931 4219 1119 4304 quaestione
1142 4216 1254 4285 habita
1277 4217 1316 4283 de
1338 4217 1393 4301 iis,

134 4343 187 4425 qni
209 4341 422 4427 proditionem
445 4340 548 4407 moliri
571 4339 786 4408 viderentur’'.
