3098 4988
761 315 778 386 7

138 579 206 625 esse
233 566 364 634 servate
394 581 467 646 pag.
491 559 573 645 516,
598 561 660 627 58:
691 563 762 627 αλλ’
785 562 869 626 αὐτοί
889 586 923 625 τε
946 560 993 626 διὰ
1016 568 1155 642 φυλακῆς
1178 564 1295 637 μαλλον
1318 564 1335 635 ἢ
1357 559 1405 623 δια

137 677 268 744 κινδύνων
290 679 324 743 πὸ
347 679 540 760 στρατόπεδον
564 681 716 745 ἐπονοῦντο.

185 944 293 1029 Caput
323 946 355 1014 9.
385 944 477 1029 Vulg.
509 946 557 1011 καὶ
588 947 622 1011 τὸ
652 947 725 1026 θέρος
747 947 909 1032 ἐτελεύτα,
934 960 956 1013 Β
980 946 1071 1013 addit
1093 952 1193 1033 τοῦτο,
1219 945 1305 1030 quod
1326 945 1406 1011 vidit

138 1062 250 1128 Valla:
277 1067 396 1148 „atque
419 1062 499 1129 haee
523 1068 631 1162 aestas
655 1064 822 1131 excessit'’.
901 1132 904 1141 ,

183 1329 287 1414 Caput
312 1332 363 1399 10,
390 1330 484 1417 Vulg.
508 1330 536 1397 el
557 1334 601 1405 τίς
623 1358 651 1397 σι
675 1332 792 1410 ἠρώτα
815 1334 1014 1414 απεκρίνοντο,
1038 1347 1060 1399 Β
1085 1334 1259 1415 ε’πκρώτα.
1292 1333 1404 1414 Valla,

135 1449 190 1532 qui
222 1448 440 1534 neglegentius
471 1450 583 1536 vertit,
615 1450 695 1517 nihil
725 1473 784 1518 nee
815 1452 967 1520 certiores
998 1451 1086 1520 facit.
1132 1455 1278 1538 Utraque
1307 1452 1404 1520 leetio

136 1565 212 1632 ferri
234 1570 362 1653 potest,
385 1566 446 1633 etsi
469 1566 602 1634 verbum
627 1569 837 1654 compositum
861 1568 1095 1657 significantius
1118 1576 1168 1638 est
1190 1570 1318 1639 dietum.

180 1833 285 1921 Caput
310 1837 348 1902 11
374 1834 398 1926 ξ
425 1838 451 1904 l.
480 1837 571 1922 Vulg.
595 1839 624 1902 ἐν
646 1838 755 1912 ι’ὶλλαις
778 1845 938 1911 πολλοῖς
962 1841 1153 1918 ἐπιστολαῖς,
1189 1852 1211 1905 Β
1235 1841 1265 1905 ἕν
1288 1836 1401 1911 ἄλλαις

134 1958 318 2029 ἐπιστολαῖς.
342 1955 450 2024 Valla:
480 1977 540 2037 „ex
565 1956 783 2041 superioribus
807 1956 951 2042 epistolis
974 1954 1123 2024 nostrie'’.
1152 1956 1232 2024 Cum
1248 1956 1404 2025 Vaticano

135 2080 168 2141 et
200 2074 294 2141 Valla
324 2073 408 2148 focio
438 2076 472 2141 in
504 2076 682 2163 omittenda
712 2097 787 2143 voee
817 2083 959 2155 πολλαῖς,
994 2097 1090 2162 quam
1120 2076 1253 2145 librario
1278 2078 1403 2159 tribue,

134 2196 205 2279 qui,
237 2196 391 2263 memoria
422 2200 536 2263 tenens
567 2217 593 2262 e.
626 2195 645 2261 8
677 2197 838 2274 ἀγγέλλων
869 2197 1012 2270 πολλάκις
1044 2197 1093 2262 καὶ
1117 2196 1245 2283 ἄλλοτε,
1270 2198 1406 2265 inseruit

135 2312 312 2400 emblema,
339 2316 408 2401 J'am
439 2314 526 2380 turi
557 2313 812 2381 homoeoteleuto
843 2314 1041 2380 damnatum.
1088 2313 1123 2381 Si
1142 2337 1306 2383 monuero
1331 2338 1403 2383 cum
1430 2413 1432 2415 ‚

135 2428 277 2499 codicem
300 2419 497 2516 Perusinum,
521 2434 577 2518 qui
599 2433 632 2500 in
656 2433 785 2519 optimis
807 2432 898 2500 libris
921 2438 971 2500 est
985 2432 1171 2521 habendus,
1188 2441 1255 2501 tum
1272 2434 1404 2502 Vallem

135 2552 281 2619 omittere
316 2560 461 2638 πολλοῖς,
497 2574 562 2619 non
593 2553 689 2619 oredo
719 2551 859 2620 levitatis
893 2574 944 2620 me
976 2575 1047 2622 esse
1079 2556 1313 2637 accusandum,
1348 2557 1404 2640 qui

134 2671 283 2755 vulgatae
305 2669 401 2737 fidem
424 2692 489 2738 non
513 2670 659 2738 habeam.

180 2788 259 2880 §Z
290 2790 382 2876 Vulg.
406 2793 439 2856 ἔκ
460 2792 675 2867 Πελοποννήσου
698 2794 747 2855 καὶ
771 2789 831 2856 απὸ
853 2796 909 2856 τῶν
931 2791 960 2855 ἒν
984 2791 1107 2872 Σικελία
1128 2792 1260 2877 πόλεσιν,
1284 2806 1306 2859 Β
1329 2798 1404 2879 post
1449 2833 1452 2840 ·
1504 2837 1507 2842 -

135 2913 168 2976 ἐκ
197 2909 311 2988 inserit
336 2934 390 2989 σε;
414 2908 531 2976 omittit
554 2913 661 2976 autem
684 2909 761 2987 ιὶπό,
786 2908 872 2992 quod
895 2913 1003 2976 utrum
1026 2909 1209 2976 addendum
1232 2911 1275 2978 sit
1298 2932 1400 2980 neone

134 3050 199 3096 non
231 3031 367 3111 constat.
412 3026 506 3095 Valla
535 3054 569 3093 τε
591 3048 656 3094 non
680 3027 851 3112 expressit:
877 3027 1034 3113 „Advenit
1056 3027 1214 3115 Gylippue
1330 3051 1401 3098 cum

138 3148 302 3229 „exercitu
324 3169 364 3213 ex
387 3146 607 3231 Peloponneso
632 3151 664 3212 et
687 3167 728 3213 ex
751 3146 945 3232 quibusdam
968 3146 1181 3215 Siciliensium
1205 3149 1402 3216 civitatum’'.

135 3264 259 3350 Copula
291 3265 389 3360 igitur
419 3264 579 3331 invenitur
609 3265 642 3330 in
673 3277 695 3329 Β
723 3264 809 3350 sole,
836 3265 891 3348 qui
914 3265 1042 3350 saepius
1066 3265 1128 3332 hae
1149 3266 1183 3332 in
1206 3286 1242 3332 re
1265 3265 1306 3333 ab
1330 3266 1402 3334 aliie

135 3385 315 3470 discrepat,
350 3384 437 3469 quod
468 3389 588 3452 temere
619 3385 710 3451 addit
739 3409 790 3463 τε,
820 3388 857 3450 ut
883 3385 953 3470 jam
986 3382 1098 3468 Poppo
1128 3383 1162 3448 in
1193 3389 1263 3450 arte
1291 3385 1403 3452 eritiea

136 3525 196 3570 sna
211 3506 238 3589 l)
270 3504 396 3585 docuit,
419 3504 475 3571 ubi
499 3503 697 3583 Bekkerum,
722 3502 828 3570 servili
850 3501 917 3570 fere
939 3503 1035 3570 modo
1059 3501 1251 3568 Vatieanum
1275 3501 1402 3569 imiten-

137 3596 220 3707 tem,
242 3623 329 3691 hisee
352 3623 513 3709 vituperat
535 3621 659 3717 verbis:
686 3620 841 3707 „Saepius
865 3622 962 3688 etiam
985 3621 1060 3703 Vat
1085 3626 1118 3687 et
1140 3619 1179 3686 H.
1203 3620 1237 3707 (i.
1261 3642 1287 3688 e.
1311 3620 1401 3688 Pari·

137 3739 254 3826 einnm)
285 3741 369 3808 solos
400 3746 530 3809 secutus
561 3746 626 3829 est,
661 3740 747 3808 velut
769 3739 954 3824 frequenter
976 3739 1010 3804 in
1033 3739 1143 3806 addita
1166 3738 1327 3824 particula
1348 3740 1400 3817 σέ,

137 3879 234 3943 quam
257 3857 291 3924 hi
312 3859 385 3926 libri
409 3860 613 3927 vehementer
636 3865 765 3944 amant,
790 3879 948 3943 quamque
972 3877 1012 3923 ex
1033 3857 1073 3922 iie
1088 3857 1239 3943 inseruit,
1258 3856 1319 3922 VH
1335 3879 1363 3924 e.
1381 3859 1398 3922 1

135 3977 213 4064 (bis)
237 4000 262 4045 c.
288 3979 338 4044 11.
363 4000 390 4045 e.
417 3982 467 4045 18.
491 4002 518 4046 e.
543 3981 596 4045 20.
619 3999 646 4046 e.
671 3976 724 4042 25.
750 3997 776 4043 ο.
801 3977 853 4042 29.
877 3997 903 4043 ο.
927 3977 981 4043 33.
1005 3996 1031 4042 ο.
1055 3975 1098 4041 38
1123 3975 1185 4042 al”
1233 3974 1302 4053 Qua
1316 3975 1350 4040 in
1365 3996 1401 4041 re

135 4102 308 4181 postquam
338 4097 372 4162 in
403 4095 562 4182 prioribus
592 4096 829 4181 quinquaginta
858 4096 952 4162 huius
983 4095 1110 4181 septimi
1139 4095 1213 4161 libri
1241 4093 1401 4179 capitibus

168 4394 197 4463 l)
214 4395 346 4465 Poppenis
363 4409 425 4463 pars
442 4395 468 4450 ll
486 4395 535 4450 sol.
554 4394 566 4450 1
583 4409 641 4465 pap.
659 4392 717 4449 133.
