3098 4988
745 301 807 375 uu
869 334 873 340 ·

141 555 190 617 est
224 551 376 630 περιέστη,
410 549 505 616 lectio
540 549 627 615 haud
663 549 860 636 spernenda,
895 570 916 616 a
950 549 1044 616 Valla
1077 572 1205 636 quoque
1236 564 1416 638 expressa:

146 670 449 749 „circumsteterat”.

186 789 269 856 Ibid.
293 792 387 876 Vulg.
415 791 481 856 οὔτε
505 790 575 868 γὰρ
599 791 616 865 ἦ
639 790 674 853 ἕν
697 797 738 870 τῇ
762 789 917 870 Σικελίᾳ
939 787 1111 873 ξυμφορνὶ
1225 791 1317 867 οὕτως
1342 797 1416 879 ἐφό-

139 913 247 990 asera
280 910 308 975 Β
333 932 429 977 sensu
452 931 588 977 vacuum
611 911 672 990 γὰρ
694 919 730 991 τῇ
753 910 782 972 ἐν
806 911 928 992 Σικελίᾳ
951 908 1101 996 ξυμφορᾷ.
1140 911 1253 980 Valla:
1284 935 1416 1000 „neque

139 1031 223 1098 enim
248 1036 382 1115 accepta
404 1031 438 1096 in
462 1029 571 1097 Sicilia
594 1027 762 1095 calamitas
886 1035 979 1097 tanto
1002 1030 1118 1097 terrori
1141 1030 1230 1099 fuit''.

186 1155 206 1232 ὅ
229 1151 263 1215 4.
287 1149 380 1235 Vulg.
403 1148 587 1233 Εὐβοίας,
619 1148 850 1221 ΒΒιιυτίκς.
897 1148 979 1226 Quid
1003 1152 1206 1218 statuendum
1230 1153 1290 1238 sit,
1315 1174 1415 1222 nemo

139 1268 305 1352 hucusque
328 1288 387 1351 pro
412 1272 499 1333 certo
522 1265 704 1335 affirmavit.
750 1267 845 1334 Valla
867 1267 1029 1354 vulgatam
1054 1271 1199 1355 sequitur
1224 1278 1278 1353 „et
1300 1274 1415 1341 omnia

138 1387 270 1454 Euboea
293 1385 414 1453 tenus’'.
461 1385 603 1453 Stahlius
627 1385 724 1452 verba
746 1388 945 1472 proscripsit.

183 1510 203 1587 ὅ
227 1504 257 1571 5.
289 1503 381 1590 Vulg.
413 1515 567 1586 νκυνικῇ
593 1507 691 1587 ἀρχῇ
714 1513 846 1570 πλεῖστον
870 1507 1008 1588 ὠφέλουν,
1034 1507 1061 1572 Β
1084 1509 1204 1576 rectius
1228 1512 1264 1575 ἕν
1286 1523 1414 1596 νκυτικῇ

138 1627 236 1710 ἀρχῇ,
260 1624 348 1709 quod
372 1631 405 1690 et
430 1623 526 1690 Valla
548 1624 644 1692 vidit:
676 1624 730 1705 „in
753 1624 965 1710 gubernanda
987 1628 1091 1695 classe
1113 1627 1286 1714 plurimum
1308 1631 1415 1701 Athe-

139 1744 303 1811 niensibus
331 1741 549 1828 profuerunt”.
596 1743 730 1810 Dativus
755 1743 841 1810 solus
865 1745 949 1810 enim
972 1766 1037 1830 quo
1061 1747 1155 1815 modo
1178 1747 1222 1815 sit
1243 1749 1413 1836 explican-

138 1864 199 1930 dus
222 1884 315 1930 nemo
340 1862 465 1929 dixerit.

183 2101 290 2185 Caput
314 2102 354 2167 97
381 2106 401 2183 ὅ
427 2102 454 2165 l.
485 2099 576 2186 Vulg.
600 2101 683 2166 'Euri
707 2099 733 2164 δ’
757 2097 884 2173 οὖντοῖς
908 2102 1102 2179 ἠγγελμένοις
1125 2104 1148 2167 oi
1172 2104 1316 2181 Ἀθηναῖοι
1333 2155 1343 2171 .
1358 2157 1366 2173 .
1382 2157 1412 2176 ..

80 2278 83 2283 .
137 2221 294 2295 ἕκκλνσίκν
316 2220 469 2297 ξυνέλενυν
487 2271 493 2285 .
510 2269 517 2284 .
533 2266 562 2284 ..
581 2222 610 2292 ἐς
633 2221 686 2294 τὴν
709 2221 830 2285 Πύκνκ
853 2221 1046 2299 anteactum
1070 2221 1098 2286 Β
1113 2220 1290 2291 barbarum
1306 2228 1413 2292 Πνύκκ

73 2418 77 2423 ι
135 2339 254 2420 tradit,
289 2344 322 2406 et
351 2360 410 2425 pro
443 2339 499 2404 ἐπὶ
524 2339 549 2403 δ’
579 2339 657 2424 legit
687 2339 801 2415 ἐπειδή,
833 2340 919 2425 quod
951 2341 979 2407 si
1008 2342 1215 2428 reciperetur,
1248 2346 1413 2435 sententia

138 2459 293 2545 primaria
324 2458 461 2526 abesset.
508 2459 599 2526 Licet
628 2460 794 2545 pueriliter
823 2482 940 2546 graeca
971 2462 1014 2528 sit
1035 2463 1267 2549 interpretatus
1293 2466 1410 2556 Valla,

137 2586 262 2666 tamen,
295 2581 372 2665 quin
403 2601 511 2646 veram
542 2581 657 2647 viderit
687 2581 897 2667 scripturam,
930 2580 1062 2649 dubium
1085 2587 1134 2650 est
1155 2584 1298 2654 nullum:
1337 2588 1413 2670 „Ad

137 2700 222 2767 hunc
245 2701 392 2767 nuntium
414 2699 625 2768 Athenienses
751 2701 1027 2788 concionem(que)
1051 2723 1200 2789 coegere,
1224 2726 1324 2773 unam
1340 2709 1414 2792 qui·

137 2820 209 2885 dem
233 2820 342 2886 statim
364 2823 432 2885 tum
455 2819 593 2904 primum
615 2820 650 2885 in
672 2820 777 2886 locum
800 2841 896 2906 quem
918 2827 1035 2889 vocant
1057 2821 1198 2909 Pycna''.

182 2939 264 3007 Ibid.
289 2940 382 3024 Vulg.
413 2935 483 3004 εἷνκι
515 2939 540 3005 δ’
572 2942 666 3005 αὐτῶν
697 2941 821 3007 ὁκόσοι
852 2940 903 3006 aul
931 2939 1011 3007 duaa
1034 2944 1215 3024 παρέχονται
1238 2950 1343 3012 reete:
1368 2968 1411 3014 ex

138 3081 175 3126 eo
211 3079 344 3126 numero
378 3064 463 3126 esset
497 3064 654 3144 quotquot
690 3081 748 3126 sua
778 3061 841 3146 ipsi
872 3082 963 3128 arma
993 3062 1192 3131 exhiberent.
1238 3063 1282 3132 Et
1312 3065 1411 3135 Valla

136 3179 235 3247 habet
269 3179 516 3248 nominativum:
555 3200 614 3260 „ex
638 3201 675 3246 eo
699 3201 832 3247 numero
856 3203 926 3249 esse
950 3183 1166 3267 quicunque
1189 3204 1281 3251 arma
1302 3192 1408 3272 gesta·

135 3309 208 3367 rent
225 3299 293 3386 (l)''.
329 3299 367 3364 In
398 3299 424 3364 B
457 3299 585 3380 ὁπόσοις,
617 3299 702 3383 quod
732 3298 839 3366 tribuo
871 3302 1059 3388 correctori,
1083 3302 1140 3386 qui
1162 3303 1294 3370 verbum
1318 3306 1408 3388 πυρέ-

135 3444 240 3501 χιιτυι
264 3419 347 3487 falso
369 3419 499 3503 passiva
522 3440 594 3485 cum
618 3417 850 3504 significatione
872 3426 1063 3506 usurpatum
1086 3421 1300 3491 existimabat
1324 3424 1407 3494 Bet

136 3539 205 3609 Pal.
229 3541 277 3606 καὶ
303 3539 463 3606 omittunt.

180 3658 205 3750 ξ
229 3662 260 3725 2.
284 3659 375 3744 Vulg.
399 3660 548 3737 ἕνίννυντυ
572 3657 601 3723 δὲ
624 3657 674 3724 aul
698 3659 791 3724 ιἰλνικι
816 3657 963 3743 ὕστερον
982 3661 1088 3728 rouval
1105 3661 1267 3738 ἐκκλησίαι.
1291 3662 1406 3732 Valla:

141 3781 217 3862 „sed
242 3785 274 3847 et
296 3779 380 3846 aliae
409 3780 560 3863 deinceps
582 3779 715 3847 crebrae
739 3785 815 3846 sunt
836 3780 966 3849 habitae
990 3781 1191 3850 conciones'’.
1236 3784 1263 3849 B
1287 3784 1406 3872 injuria

136 3900 255 3968 omittit
278 3899 410 3980 ὕστερον,
434 3899 485 3964 cui
509 3900 680 3986 opponitur
704 3899 772 3966 τότε
796 3897 821 3990 ξ
843 3902 871 3968 1.
908 3900 999 3978 Quod
1023 3903 1138 3970 attinet
1160 3903 1205 3970 ad
1226 3906 1334 3970 κυκνκὶ
1359 3907 1406 3972 ἐκ·

133 4023 266 4098 sanctur,
298 4019 394 4086 Valla
416 4018 544 4103 quidem
563 4019 648 4085 videt
671 4005 835 4104 vulgatam
858 4040 961 4104 neque
983 4019 1062 4087 facit
1078 4043 1149 4088 cum
1166 4022 1403 4110 Hervverdeuo‚

135 4143 191 4225 qui
213 4141 413 4225 periclitatus
438 4144 486 4206 est
510 4139 727 4224 conjecturam
750 4159 828 4205 sane
850 4138 1122 4223 elegantissimam
1148 4144 1176 4206 ἕν
1192 4143 1302 4218 Πυκνί,
1319 4166 1404 4230 quaa

135 4268 242 4326 autem
278 4281 386 4327 annon
421 4259 463 4326 sit
497 4259 680 4325 necessaria
714 4257 861 4325 dubitare
895 4256 979 4324 licet.
1024 4258 1095 4326 Hac
1127 4262 1296 4329 occasione
1327 4265 1406 4332 data

133 4380 223 4448 lubet
246 4381 497 4449 animadvertere
520 4377 544 4470 ξ
570 4380 586 4444 1
611 4379 645 4446 in
669 4379 825 4456 ἕκκλνιίκν
847 4374 1017 4458 Zariaspes,
1049 4381 1122 4458 μίκν
1153 4382 1207 4459 μὲν
1231 4383 1314 4459 εὐθὺς
1337 4385 1405 4454 τότε
