3098 4988
811 279 855 344 46

202 517 232 583 si
261 516 412 601 scriptori
443 521 553 582 nostro
583 515 796 600 imputamus,
830 515 977 600 quaestio
1004 515 1106 582 oritur
1133 515 1353 583 scribamusne
1376 539 1475 580 καπα-

202 637 377 720 λειφθέντα
399 638 456 723 (Β)
478 635 527 702 vel
550 635 808 718 παραλειφθέντα
825 634 947 723 (Vulg.)
963 656 1005 702 an
1021 656 1094 703 oum
1108 635 1203 703 Valla
1217 637 1474 716 καταληφθέντα.

207 754 308 835 Quale
331 754 477 822 futurum
500 754 541 820 sit
564 774 754 838 responsum
777 752 853 819 inde
876 754 1014 836 pendet,
1042 759 1149 820 utrum
1174 758 1354 820 statuamus
1378 752 1475 839 Syra·

202 895 340 941 cnsanos
372 872 526 940 clausisse
557 878 686 958 portum
716 877 821 939 totum
851 893 893 939 an
917 872 1012 940 modo
1035 871 1178 939 faucium
1201 877 1335 958 partem.
1382 871 1473 939 (ilas-

203 1013 299 1061 senus
322 994 407 1060 hunc
430 993 464 1058 in
486 992 615 1059 modum
639 991 799 1076 disputat:
826 991 878 1072 „rt
901 990 1022 1072 ζεῦγμα
1045 991 1097 1058 die
1120 993 1161 1075 (c.
1179 991 1232 1071 59,
1248 993 1284 1077 2)
1303 991 1472 1077 angelegte

203 1112 420 1197 Haiansperre
450 1111 484 1176 in
517 1110 622 1178 dieser
644 1109 810 1193 bezeignet
833 1110 983 1182 διέκπλους
1007 1109 1078 1176 hier
1110 1110 1172 1177 den
1196 1131 1253 1176 uur
1277 1109 1475 1177 Durchfahrt

203 1231 437 1317 gelassenen
467 1230 580 1296 Reum.
627 1230 697 1295 Den
728 1229 804 1296 dass
834 1229 885 1295 die
925 1228 1117 1316 Syrakusier
1147 1229 1200 1296 bei
1230 1230 1288 1296 der
1311 1228 1475 1314 Sperrung

204 1350 291 1416 ihres
323 1349 457 1434 sigenen
488 1346 612 1414 Hafeus
643 1369 700 1413 zur
723 1346 967 1434 Verhinderung
990 1350 1047 1416 der
1070 1346 1172 1415 ireien
1196 1348 1396 1416 Durchfahrt
1420 1349 1476 1416 der

206 1467 326 1535 Feinde
356 1466 409 1534 fiir
435 1467 506 1533 ihre
537 1467 647 1551 eigene
678 1454 868 1551 Benntnung
900 1468 971 1534 eine
994 1466 1153 1553 Osffnung
1175 1467 1324 1552 gelassen
1346 1465 1473 1545 haben,

207 1586 331 1654 soheint
363 1587 423 1652 mir
453 1586 634 1673 notwendig
665 1587 902 1667 anzunehmen‚
933 1608 1024 1653 wenn
1055 1608 1089 1654 es
1113 1588 1196 1654 auch
1219 1586 1308 1653 nicht
1331 1587 1475 1654 erwithnt

206 1705 276 1772 ist”.
309 1704 380 1772 Hac
411 1705 444 1771 in
474 1725 510 1771 re
541 1725 562 1771 a
584 1705 650 1773 viro
674 1705 768 1772 docto
792 1705 943 1772 dissideo.
976 1706 1132 1791 Equidem
1157 1702 1347 1790 scriptorem
1368 1706 1475 1791 ipsum

208 1825 323 1892 docere
347 1824 492 1891 existimo
515 1823 674 1891 intervalli
696 1829 809 1909 portus
831 1823 972 1891 faucium
996 1825 1101 1909 aperti
1124 1824 1204 1891 nihil
1221 1823 1477 1908 relictum-esse,

208 1963 279 2009 cum
311 1942 388 2026 quia
415 1941 456 2009 de
477 1941 537 2008 tali
559 1943 698 2009 transitu
721 1963 880 2026 nusquam
902 1941 941 2009 fit
961 1943 1079 2010 mentio
1104 1949 1173 2010 tum
1197 1942 1354 2028 imprimis
1380 1962 1477 2027 prop-

208 2067 259 2127 ter
283 2083 310 2127 c.
337 2063 380 2128 70
404 2063 424 2142 ξ
450 2063 467 2126 1
493 2061 589 2136 ε’πειθθρ
621 2060 646 2125 θ’
672 2063 696 2126 οἱ
721 2061 864 2137 Ἀθηναῖοι
894 2061 1089 2143 προσέμισγον
1111 2064 1152 2143 τῷ
1175 2060 1340 2145 ζεύγματι,
1363 2070 1401 2143 τῇ
1424 2061 1479 2138 μὲν

209 2180 308 2262 προθπρ
328 2180 404 2262 ῥύμη
434 2181 619 2254 ἐπιπλέοντες
649 2181 784 2261 έκρθτοιιν
814 2183 870 2247 τῶν
900 2183 1090 2259 τεταγμένων
1120 2186 1187 2246 νεῶν
1220 2183 1288 2260 πρὸς
1311 2181 1403 2261 αιἰτῷ,
1427 2178 1478 2243 καὶ

212 2301 399 2380 ἐπειρῶντο
429 2300 525 2365 λθειν
555 2301 619 2372 τθος
650 2302 804 2383 κλήσεις,
851 2302 899 2367 De
923 2299 1063 2377 ‚introitu
1086 2300 1187 2366 altum
1211 2298 1390 2366 silentium!
1424 2296 1478 2364 Se·

216 2417 325 2502 quitur
355 2417 453 2504 igitur
482 2424 520 2485 ut
550 2417 655 2486 verbis
686 2420 878 2484 καταλείπειν
908 2424 941 2486 et
970 2418 1145 2497 περιλείπειν
1174 2417 1266 2485 locus
1293 2417 1336 2483 sit
1359 2415 1479 2483 nullus

214 2536 308 2603 Valla
331 2537 387 2621 qui
409 2542 528 2605 venat:
555 2536 684 2619 „fauces
709 2541 822 2622 portus
841 2537 910 2623 jam
932 2536 1207 2622 praeoccupatas”
1230 2541 1267 2602 ut
1289 2556 1400 2603 omnes
1420 2535 1482 2602 viri

215 2655 301 2722 docti
332 2655 552 2741 consentiunt,
583 2655 661 2741 legit
682 2656 915 2737 καταληφθέντα
938 2654 1037 2740 idque
1059 2662 1156 2722 recte.
1202 2655 1415 2723 Athenienses
1438 2654 1482 2722 ad

215 2779 329 2870 portus
366 2773 509 2841 claustra
542 2773 740 2840 vehebantur
775 2781 928 2841 conantes
957 2780 994 2841 ut
1022 2774 1284 2859 pernavigatione
1314 2774 1348 2840 in
1380 2773 1483 2840 altum

217 2893 304 2959 exire
316 2898 448 2977 possent
459 2891 634 2970 βιατθμενοι
650 2891 698 2956 τοι
714 2892 945 2974 καταληφθέντα
961 2891 1127 2973 διέκπλοννρ
1142 2893 1260 2959 etenim
1276 2896 1317 2976 (o.
1331 2893 1388 2977 70)
1404 2915 1483 2972 προ-

218 3011 473 3091 εξαναγαγθμενοι
495 3013 519 3078 οἱ
545 3011 801 3095 Σορακθτιοι....
826 3013 927 3101 ναυσὶ,
952 3014 1046 3079 κοντοὶ
1069 3039 1106 3079 τε
1129 3015 1187 3079 τὸν
1210 3015 1363 3079 ἔκπλουν
1386 3012 1484 3091 μέρει

218 3133 333 3197 αὐτῶν
356 3130 571 3213 ἐφύλαττον.
596 3131 781 3200 Lectionem
803 3131 900 3218 igitur
925 3131 1011 3198 hunc
1036 3131 1070 3198 in
1096 3131 1226 3197 modum
1247 3129 1401 3196 restituo:
1426 3130 1485 3195 aa

220 3250 402 3346 Δημοσθένης
433 3250 482 3315 καὶ
514 3250 675 3332 Μένανδρος
711 3250 759 3315 καὶ
787 3250 953 3327 Εὐθύδημος
1078 3249 1181 3315 ἔπλεον
1208 3247 1276 3327 πρὸς
1302 3248 1336 3312 τὸ
1363 3246 1485 3328 ζεῦγμα

218 3374 269 3434 τοῦ
300 3368 413 3445 λιμένος
444 3367 527 3455 [καὶ]
554 3368 613 3434 τον
644 3367 971 3452 καπαληφθένταῙ)
1003 3368 1188 3434 διέκπλουν
1214 3364 1384 3444 βουλόμενοι
1415 3365 1487 3443 βιιθ·

134 3506 136 3508 ’
219 3488 325 3554 ταοθαι
353 3488 383 3560 ές
409 3488 442 3553 πθ
469 3487 534 3565 ἔξω.

266 3722 373 3808 Caput
397 3723 440 3789 70
463 3728 484 3807 ξ
510 3725 539 3788 l.
565 3721 657 3808 Vulg.
680 3724 779 3793 αὐτοῖς
803 3719 889 3800 ἅμα,
912 3735 934 3787 Β
957 3721 1026 3800 ἅμα
1050 3723 1157 3794 αὐτοῖς.

267 3841 346 3908 Ibid.
378 3839 456 3931 §2
483 3839 575 3924 Vulg.
607 3839 704 3913 ἐπειδη
735 3839 759 3904 δ’
790 3839 814 3903 οἱ
844 3837 930 3904 ἄλλοι
955 3842 1096 3916 Ἀθηναῖοι
1121 3839 1314 3918 προσέμισγον
1336 3840 1377 3920 τῷ
1400 3838 1489 3920 ζεύγ-

223 3985 308 4041 μαπι.
331 3959 469 4027 Omnino
493 3959 730 4025 concedendum
753 3963 803 4024 est
826 3957 980 4027 Classeno
1000 3958 1192 4026 Vaticanum
1216 3965 1249 4025 et
1268 3979 1391 4044 paucos
1407 3958 1491 4026 alios

258 4244 287 4311 θ)
304 4244 385 4296 Video
407 4243 540 4297 Stnhlium
561 4255 668 4309 quoque
683 4239 840 4308 praetulisse
856 4239 1064 4305 καταληφθέντα.
1094 4241 1132 4293 Gi.
1149 4242 1280 4307 Popponis
1297 4241 1376 4293 editio
1393 4243 1492 4311 altera,

227 4356 308 4406 quarn
325 4341 400 4394 auxit
415 4345 445 4395 et
458 4352 501 4395 er*
723 4348 763 4384 a:
