3098 4988
745 344 809 411 115

135 595 230 646 λιστα
257 583 306 646 καὶ
337 585 369 648 εἰι
400 584 539 649 πλείστου
571 587 700 662 ἐναντίοι,
730 587 769 667 τῷ
793 585 888 666 δήμῳ,
919 585 1053 651 ridicule
1077 584 1220 651 additum
1245 583 1348 650 fuisse
1372 593 1409 665 τῇ

134 702 278 785 ἄληθείρι,
310 702 564 771 animadvertere
594 704 684 771 lubet
706 704 810 772 verbis
834 709 848 770 ὁ
870 706 924 784 μὲν
949 704 1120 786 Θηραμένης
1247 701 1328 770 ὅσον
1351 702 1410 768 καὶ

135 823 209 888 cirri
239 822 325 898 βοῆς
356 820 459 887 ἕνεκα
482 824 616 906 ὠργίζετο
640 826 776 898 ὁπλίταις
799 830 886 892 reete
909 825 1028 910 opponi
1052 827 1065 890 ὁ
1089 827 1113 892 δ’
1139 825 1336 905 Ἀρίσταρχος
1359 824 1410 889 καὶ

135 946 162 1008 oi
188 946 307 1011 ἐναντίοι
330 954 368 1027 τῇ
389 945 511 1025 ὁληθείηι
533 945 740 1026 ἐχαλέπαινον.
776 945 899 1012 Deinde
922 946 949 1012 si
972 950 1105 1030 propter
1127 944 1225 1011 verba
1249 964 1291 1010 ex
1314 965 1341 1011 o.
1366 945 1410 1010 90

135 1061 163 1152 ξ
198 1066 213 1127 l
248 1063 382 1130 laudate
414 1085 683 1149 supervacaneum
718 1070 803 1130 esset
828 1071 939 1132 nostro
965 1065 1036 1131 loeo
1061 1063 1181 1130 addere
1204 1073 1241 1145 τῇ
1265 1063 1410 1147 α’ληθείρ,

136 1182 241 1249 multo
274 1183 491 1250 incredibilius
527 1184 661 1250 eandem
697 1185 737 1252 ob
770 1204 901 1251 oausam
934 1183 1129 1264 Ἀρίσταρχος
1161 1183 1210 1248 καὶ
1239 1184 1263 1247 οὸ
1291 1183 1411 1248 ἐναντίοι

135 1303 323 1369 dicerentur
355 1305 395 1384 τῶ
427 1305 530 1380 πλθθει
554 1305 768 1385 χαλεπαίνειν,
793 1305 910 1371 nedum
934 1325 1082 1372 moneam
1106 1303 1186 1371 satis
1209 1302 1289 1368 miro
1316 1301 1412 1369 modo

137 1422 197 1509 qui
225 1422 301 1490 olibi
330 1421 367 1513 (ξ
389 1427 426 1511 4,
455 1424 493 1510 5,
519 1426 557 1506 9,
585 1424 640 1515 10)
672 1426 696 1491 οί
720 1428 840 1491 ὁπλῖται
865 1427 930 1493 sint
953 1425 1128 1510 appellati,
1151 1444 1206 1490 eos
1229 1423 1283 1489 hie
1307 1422 1410 1507 desig-

136 1544 213 1609 nari
235 1542 341 1610 verbis
363 1546 404 1626 τῷ
427 1546 541 1621 πλθθει.

186 1781 292 1866 Caput
323 1783 366 1849 93
396 1781 420 1873 ξ
453 1785 482 1849 1.
514 1784 604 1871 Vulg.
635 1786 664 1856 ἐς
691 1784 725 1850 τὸ
755 1784 824 1864 πρὸς
855 1794 892 1866 τῇ
915 1783 1065 1866 Μονοιχίρι
1088 1781 1272 1848 Διονυσιακὸν
1296 1780 1413 1860 θέατρον

138 1901 281 1973 ε’λθθντει.
329 1902 356 1967 Β
384 1908 417 1969 et
440 1902 495 1969 alii
519 1902 593 1969 libri
617 1904 763 1970 nonnulli
786 1908 861 1989 post
884 1903 1071 1969 Διονυσιακὸν
1093 1903 1239 1969 inserunt
1261 1900 1295 1965 πὸ
1318 1902 1347 1965 ἐν
1371 1902 1412 1980 τῷ

138 2027 273 2101 Πειραιεῖ
292 2020 333 2086 ab
358 2021 519 2108 omnibus,
537 2023 622 2106 quod
640 2023 756 2099 seiam,
775 2020 951 2088 editoribus
967 2020 1182 2105 proscriptum
1200 2020 1282 2086 etin
1299 2018 1413 2086 Vallee

141 2139 409 2224 interpretatione
432 2160 618 2225 expressum
641 2141 758 2207 litteris
781 2141 929 2218 cursivis,
954 2140 1040 2206 unde
1063 2141 1096 2205 ni
1120 2138 1215 2206 fallor
1232 2143 1412 2206 statuamus

140 2279 275 2326 neeesse
299 2265 349 2326 est
371 2259 624 2327 additamentum
649 2284 670 2329 a
694 2260 790 2328 Valle
813 2262 957 2347 spurium
981 2282 1052 2328 esse
1075 2260 1230 2327 habitum.

188 2377 212 2469 ξ
236 2380 267 2446 2.
299 2377 391 2462 vulg.
417 2379 504 2450 ‘rior
528 2379 561 2443 δὲ
583 2380 644 2454 την
667 2380 770 2445 πόλιν
793 2379 891 2458 μηδενί
914 2379 1010 2462 τρθπῳ
1033 2380 1213 2464 διαφθείρειν.
1249 2392 1271 2445 Β
1295 2381 1356 2454 την
1379 2380 1412 2444 δὲ

143 2500 247 2566 πόλιν
352 2497 484 2578 φθείρειν.
532 2497 677 2584 Utraque
699 2499 794 2567 leutio
817 2499 894 2566 ferri
917 2506 1025 2585 potest
1047 2501 1108 2568 nisi
1132 2501 1218 2584 quod
1242 2501 1411 2585 διαφθείρειν

143 2619 249 2704 potior
272 2617 368 2683 lectio
391 2622 441 2683 est
463 2616 621 2684 habende
668 2618 763 2686 Valla
785 2619 865 2686 facit
887 2641 958 2685 oum
981 2620 1025 2687 B:
1051 2641 1113 2708 „ne
1137 2641 1201 2704 quo
1226 2620 1321 2688 modo
1339 2622 1412 2688 civi·

144 2743 244 2804 tatem
268 2735 468 2822 perderent.’'

188 2975 558 3067 Caput94§1.Vulg.
582 2978 631 3043 καὶ
655 2981 717 3050 πῶς
740 3001 784 3049 ἰιι
807 2983 872 3043 τῶν
895 2985 1033 3044 πολλῶν
1057 2981 1209 3043 ὁπλιτῶν
1232 2977 1306 3043 αὐτὸ
1328 2984 1413 3043 τοῦτο

145 3097 269 3180 ἐνόμιζεν
293 3095 364 3163 εἶναι
388 3098 421 3163 τὸ
444 3098 542 3165 ποίλαι
565 3099 723 3176 λεγόμενον
746 3099 801 3165 ὑπὸ
819 3100 1012 3181 Θηραμένους.
1049 3097 1246 3183 Scriptorem
1263 3097 1411 3183 equidem

146 3223 221 3303 puto
246 3215 427 3302 significare
451 3237 624 3302 quemque,
648 3238 711 3284 non
736 3216 838 3284 solum
862 3239 879 3284 e
903 3216 1071 3295 militibus,
1095 3218 1152 3284 sed
1172 3218 1270 3285 etiam
1286 3240 1303 3284 e
1320 3218 1413 3303 vulgo

145 3337 320 3422 plebeque,
344 3341 474 3421 putasse
497 3335 769 3404 Lacedaemonios
792 3336 962 3404 ereessitos
978 3337 1113 3423 jamjam
1130 3337 1263 3418 adesse,
1280 3343 1317 3405 ut
1327 3340 1412 3424 jem-

145 3457 269 3544 pridem
300 3456 391 3541 plebs
419 3477 439 3522 a
460 3455 658 3523 Theramene
681 3460 752 3522 erat
775 3456 899 3523 edocta.
932 3455 986 3541 (of.
1011 3478 1037 3522 c.
1062 3457 1106 3523 90
1129 3462 1149 3541 5
1174 3458 1205 3523 3.
1230 3479 1257 3523 e.
1281 3460 1323 3524 91
1348 3463 1368 3542 5
1395 3459 1412 3524 1

133 3596 173 3643 ⁴c.
198 3579 246 3658 ξς
273 3575 332 3659 10,
358 3574 423 3658 11.)
456 3573 608 3658 Exceptis
630 3572 658 3638 B
682 3578 714 3640 et
736 3573 831 3640 Vella
853 3574 887 3639 in
910 3573 1041 3658 reliquis
1064 3573 1154 3641 libris
1171 3575 1213 3641 ad
1229 3581 1284 3640 τῶν
1300 3581 1415 3641 πολλῶν

146 3693 374 3778 interpolatum
410 3699 460 3758 est
495 3712 534 3757 ex
569 3693 675 3775 capite
706 3693 912 3778 praecedenti
942 3693 1068 3758 ὁπλιτῶν
1094 3694 1191 3779 idque
1220 3693 1415 3761 factumest

146 3808 187 3877 ab
218 3809 414 3895 interprete,
445 3808 501 3893 qui
531 3814 586 3874 τῶν
618 3815 733 3874 πολλῶν
760 3829 908 3893 perverse
935 3813 1061 3876 tantum
1085 3810 1124 3877 de
1147 3809 1302 3878 militibus
1326 3831 1416 3877 acoe-

146 3929 238 4015 perit.
285 3927 397 3995 Valla:
433 3950 490 4009 „ao
522 3950 615 3996 nemo
644 3929 707 3996 hae
737 3950 776 3995 ex
806 3927 903 3995 turbe
932 3927 1009 4006 fuit,
1041 3928 1096 4013 qui
1126 3919 1189 3996 non
1220 3929 1279 3995 boe
1309 3929 1415 4014 ipsum

146 4033 218 4115 esse
253 4049 440 4115 existmeret
474 4048 560 4133 quod
594 4047 686 4133 sqq.''
732 4047 874 4114 Stehlius
912 4054 968 4112 τῶν
1007 4053 1122 4112 πολλῶν
1160 4049 1284 4113 ὁπλιτῶν
1323 4047 1415 4115 obelo

146 4167 279 4234 notavit

190 4285 215 4376 ξ
239 4287 268 4352 3.
293 4286 385 4370 Vulg.
409 4287 433 4350 οί
457 4285 482 4350 δ’
507 4284 562 4368 αὖ,
585 4300 606 4353 Β
630 4288 653 4352 οἱ
677 4287 713 4351 δ’.
748 4285 876 4354 Beller
899 4287 1039 4353 correxit
1061 4288 1085 4351 οὸ
1109 4285 1134 4350 θ’
1157 4283 1214 4351 οὖν.

190 4405 271 4470 Ibid.
305 4405 397 4490 Vulg.
428 4407 463 4477 ῶς
494 4411 544 4470 τοῦ
577 4406 643 4471 idion
676 4407 805 4473 πολὲαου
835 4405 960 4487 μείζονος
986 4405 1002 4482 θ
1025 4405 1086 4470 derb
1110 4411 1165 4470 τῶν
1189 4408 1334 4481 πολεμίαν
1356 4408 1414 4486 οὐχ
