3098 4988
753 292 797 357 20

136 526 231 593 Valla
264 528 443 596 lucramur:
481 528 643 610 „Quorum
675 528 716 594 ad
740 527 936 615 praesidium
958 528 993 594 in
1016 527 1233 596 eminentibus
1257 550 1416 615 promon-

133 646 224 714 toriis
248 648 409 731 peditatus
432 650 583 736 utrinque
605 651 780 736 dispositus
804 648 906 716 erat'.

179 765 204 858 ξ
234 766 263 834 5.
295 769 390 856 Vulg.
422 773 468 837 ἐπ’
499 772 698 858 adalwino,
723 784 745 837 Β
769 773 815 837 ἐπ’
840 772 918 850 αὐτῷ
943 769 1043 850 τούτῳ.
1066 767 1178 848 Valla,
1202 768 1415 839 inscitiane

131 887 241 975 judice
264 888 378 957 duetus
400 891 450 957 vel
472 891 615 978 incuria,
639 892 737 958 verba
759 890 906 976 neglexit.

177 1004 202 1096 ξ
225 1008 257 1074 6.
279 1007 371 1096 Vulg.
397 1010 422 1075 oi
445 1012 499 1088 μὲν
521 1012 581 1093 γὰρ
604 1011 734 1092 Κορίνθιοί
760 1012 809 1076 καὶ
833 1010 1051 1083 Πελοποννήσιοί
1076 1007 1144 1089 πρὸς
1166 1016 1203 1089 τῇ
1224 1017 1268 1092 γῇ
1297 1033 1414 1088 vavae·

133 1133 256 1208 χοῡντες
286 1129 347 1193 uei
378 1128 556 1216 διεσώζοντο,
590 1142 612 1195 Β
644 1150 702 1214 pro
733 1130 782 1194 aa}
817 1128 896 1213 legit
924 1127 1033 1210 ῥᾳδίως.
1080 1125 1192 1193 Valla:
1225 1127 1332 1212 „quia
1354 1128 1412 1197 Oo-

133 1246 244 1313 rinthii
274 1267 314 1314 ac
343 1247 601 1333 Peloponnenses
631 1247 786 1315 beneficio
818 1253 924 1314 terrae
947 1266 1049 1331 prope
1072 1265 1169 1331 quam
1193 1245 1411 1332 dimicarent,

134 1364 263 1433 liberati
293 1363 398 1434 sunt’.
444 1365 536 1445 Quod
559 1366 648 1453 apud
671 1367 798 1434 Vallam
821 1371 854 1433 et
879 1365 928 1432 aa>
953 1371 986 1431 et
1008 1365 1106 1448 ῥᾳδίως
1133 1364 1258 1432 frustra
1282 1367 1412 1452 qnaeri-

135 1506 224 1566 mus,
255 1506 296 1551 ea
325 1485 398 1572 ipsa
428 1508 480 1554 res
512 1489 642 1569 suadet,
674 1494 710 1554 ut
742 1508 814 1554 eum
837 1486 886 1551 acl
910 1485 1027 1552 vidisse
1051 1490 1252 1564 statuamus3
1279 1485 1411 1571 saepias

136 1604 221 1671 enim
254 1605 443 1673 vocabulum
479 1607 540 1673 sibi
574 1607 737 1675 molestias
774 1605 910 1674 offerens
934 1604 1122 1689 simpliciter
1144 1603 1269 1671 omittit
1284 1603 1326 1690 ¹).
1374 1605 1408 1671 In

136 1722 339 1811 dijudicando
374 1733 482 1794 autem
517 1729 624 1796 variae
655 1728 801 1795 lectionis
832 1726 936 1811 pretio
967 1725 1065 1792 lando
1095 1722 1332 1806 Benediotum,
1363 1724 1409 1793 cui

134 1845 232 1928 ῥᾳδίως
264 1846 462 1931 suspiciones
491 1849 601 1916 movit:
634 1846 842 1930 „vocabulum
864 1846 980 1929 datiae,
1002 1843 1124 1927 inquit,
1148 1862 1187 1908 ex
1210 1840 1407 1928 interprete·

137 1969 265 2045 „mento
296 1972 402 2033 ortum
432 1968 565 2037 udatur.
613 1969 719 2035 Etiam
749 1966 862 2033 Veliae
894 1965 976 2032 liber
998 1985 1064 2030 non
1088 1959 1265 2030 exhibuit’.
1311 1962 1408 2030 Hisce

135 2081 246 2168 Poppo
276 2084 383 2152 addit:
416 2087 552 2166 „etenim
583 2086 644 2151 aab
674 2086 774 2154 etiam
804 2086 857 2152 bic
879 2085 963 2152 valet
984 2104 1057 2152 eom
1080 2083 1188 2172 ipsam
1210 2081 1249 2150 ob
1273 2101 1408 2152 comm

136 2199 230 2290 (quia
256 2223 359 2289 prope
381 2209 500 2271 terram
525 2203 738 2294 dimicabant)
763 2205 784 2274 i.
809 2224 836 2271 e.
860 2200 1011 2270 facile''.
1059 2201 1195 2268 Omnino
1219 2221 1299 2268 eum
1321 2201 1416 2285 hisee,

137 2321 212 2390 viris
246 2324 349 2392 doctis
384 2326 424 2392 de
458 2334 570 2394 nostro
602 2328 759 2412 scriptore
789 2325 909 2411 optime
942 2324 1062 2391 meritis
1094 2321 1188 2389 facio.
1234 2321 1337 2408 Apud
1360 2340 1408 2389 me

135 2447 264 2509 constat
290 2443 394 2529 primo
413 2444 509 2530 juxta
532 2444 581 2510 aa}
606 2446 647 2512 ab
671 2447 846 2532 interprete
869 2443 1056 2530 adjunctum
1080 2462 1150 2509 esse
1173 2440 1297 2528 ῥᾳδίως,
1324 2440 1408 2528 quod
1446 2460 1448 2483 ³

135 2565 249 2646 postea
278 2562 312 2628 in
341 2569 462 2631 textum
491 2571 656 2651 receptum
689 2572 746 2633 est.
792 2564 916 2632 Deinde
948 2562 1132 2648 supervenit
1155 2560 1311 2628 Vaticani
1336 2560 1407 2629 libri

135 2688 314 2769 corrector,
338 2686 411 2773 qui,
435 2686 546 2753 videns
571 2685 763 2752 alterutrum
787 2683 863 2749 ferri
888 2703 952 2752 non
975 2702 1090 2766 posse,
1112 2679 1161 2746 aa>
1186 2679 1298 2766 eJecit.

179 2797 204 2890 ξ
235 2802 265 2866 7.
296 2802 387 2890 Vulg.
418 2802 447 2870 cl
472 2830 505 2870 τε
532 2806 592 2886 γὰρ
614 2804 743 2887 Κορίνθιοι
768 2804 916 2881 ἡγήσαντο
939 2809 1055 2883 κρατεῖν
1079 2803 1108 2867 si
1131 2801 1179 2878 ab
1201 2801 1302 2867 πολὺ
1327 2803 1409 2886 sapa·

134 2925 253 3006 roboro,
284 2918 317 2987 ot
345 2921 375 2986 τ’
399 2925 541 3000 Ἀθηναῖοι
565 2923 689 3007 ἐνόμιζον
713 2925 857 2999 ἡσσᾶσθαι
881 2924 909 2988 εἰ
933 2925 982 3001 μὴ
1004 2923 1097 2988 πολὺ
1120 2921 1234 2998 ἐνίκων,
1257 2934 1282 2989 Β
1309 2924 1342 2990 εί
1364 2924 1410 3004 μὴ

135 3039 195 3105 καί
219 3041 312 3105 πολὺ
435 3041 490 3109 ὅτι
514 3047 551 3110 οὐ
576 3043 679 3110 πολύ.
725 3042 835 3109 Valla:
861 3062 957 3129 „nam
982 3047 1015 3108 et
1038 3038 1195 3108 corimhii
1218 3040 1410 3111 decorasse

135 3178 205 3225 esse
235 3158 426 3241 credebant,
459 3162 487 3227 si
519 3182 582 3228 non
613 3160 787 3227 admodum
820 3160 895 3227 victi
927 3164 1052 3240 essent,
1077 3165 1109 3226 et
1132 3157 1356 3230 Athenienses
1378 3182 1410 3230 se

134 3276 234 3344 victos
264 3299 352 3365 esse,
385 3279 447 3347 nisi
478 3280 649 3347 admodum
676 3279 851 3347 vicissent''.
899 3278 933 3346 Si
956 3278 995 3344 de
1020 3278 1200 3364 scripturae
1222 3276 1326 3346 huius
1349 3280 1410 3349 loci

136 3396 319 3480 quaerimus
350 3398 522 3477 varietate,
547 3399 703 3485 imprimis
727 3398 959 3468 attendendum
984 3403 1034 3464 est
1057 3395 1101 3463 ad
1124 3395 1308 3466 sententiae
1335 3420 1411 3468 con·

134 3514 321 3583 cinnitatem
353 3518 510 3605 scriptore
540 3526 652 3588 nostro
682 3520 827 3606 egregrie
858 3519 999 3604 dignam.
1045 3517 1121 3583 Fuit
1149 3516 1321 3608 Bauerus,
1356 3518 1412 3608 qni

135 3656 200 3721 quo
231 3637 399 3723 splendida
430 3639 585 3708 orationis
616 3645 778 3707 structura
809 3642 999 3726 appareret,
1023 3636 1153 3703 schema
1174 3635 1275 3704 hocce
1299 3639 1410 3728 dedit,

134 3756 268 3842 singulis
302 3758 406 3826 verbis
440 3760 488 3826 ita
521 3759 702 3845 dispositis:
738 3780 760 3826 o
790 3755 820 3823 οἵ
843 3783 877 3824 re
907 3755 1034 3838 Koptoba
1059 3793 1103 3804 -
1125 3750 1155 3819 οἵ
1179 3754 1208 3820 τ’
1242 3753 1411 3841 Ἀθηναῖοι,

135 3875 153 3943 b
176 3877 325 3954 ἡγήσαιντο
350 3913 391 3925 -
415 3876 554 3960 ἐνόμιζον,
576 3899 593 3946 e
615 3886 730 3960 sparsio
755 3915 796 3926 —
821 3876 981 3956 ἡσσᾶσθαί,
1004 3874 1026 3942 d
1048 3877 1072 3941 sl
1095 3876 1138 3951 μδ
1161 3875 1238 3942 πολύ
1255 3915 1303 3928 -
1318 3882 1347 3948 εἷ
1369 3881 1411 3960 μὶ

135 3996 221 4063 πολύ.
267 3995 341 4064 Non
362 3995 514 4084 fortuito,
539 3999 595 4066 sed
619 4000 659 4066 de
681 3999 842 4066 industria
859 3999 943 4064 hanc
959 3996 1065 4084 arguti
1081 3997 1208 4081 artique
1223 4002 1258 4065 et
1272 3999 1413 4071 cirm-

135 4116 247 4204 scripti
278 4117 447 4185 verborum
479 4119 619 4186 ambitus
652 4119 900 4187 concinnitatem
932 4139 953 4184 a
980 4116 1166 4204 Thucydide
1189 4120 1411 4207 excogitatam

168 4382 196 4449 l)
214 4383 252 4436 Cf.
272 4387 396 4450 praefatio
415 4400 474 4454 pag.
492 4383 536 4435 Vl.
