3098 4988
36 3265 103 3296 ‘a

825 334 870 398 52

215 564 324 633 oculos
354 565 447 652 longe
478 567 571 634 aliter
600 568 856 654 interpunetum,
887 566 934 633 ita
964 571 1000 633 ut
1031 565 1080 630 καί
1105 566 1136 629 ἐκ
1160 564 1388 645 idoneitates
1412 585 1483 630 cum

216 682 438 767 praecedentis
470 684 586 769 capitis
615 685 680 752 fine
712 686 969 772 conjungeretur.
1016 683 1104 762 Quae
1126 680 1376 768 interpungendi
1398 681 1482 749 ratio

218 821 281 867 non
305 800 470 886 displicet;
493 804 652 888 quomodo
676 803 908 888 significantius
932 803 1108 869 orationem
1136 800 1273 885 incipias
1297 820 1412 885 quamr
1431 795 1483 866 Ὦ

213 917 356 995 Ἀθηναῖοι
379 920 429 985 καί
452 919 627 1003 ξύμμαχοι,
652 923 757 987 ἐλπίδα
780 924 839 1003 χρὴ
862 921 951 1002 ἔχειν.

257 1037 339 1104 Ibid.
364 1038 455 1124 Vulg.
487 1041 747 1120 καταμέμψασθαι
770 1054 792 1107 Β
816 1038 1078 1119 καταμέμφεσθαι.
1118 1034 1211 1104 Valla
1244 1034 1482 1116 ,‚eucoensere”.

257 1154 334 1245 §2
359 1157 451 1242 Vulg.
480 1160 562 1224 κατὰ
592 1159 640 1224 τὸν
669 1157 737 1224 lires
759 1159 823 1236 βίον
846 1157 896 1223 καὶ
920 1158 949 1230 ἐς
972 1150 1090 1235 saltam
1115 1153 1142 1218 B
1165 1160 1241 1239 post
1263 1153 1344 1219 κατίι
1371 1154 1485 1223 inserit

214 1299 265 1352 τες
301 1281 406 1356 recte,
440 1281 476 1343 ut
510 1277 606 1344 etiam
641 1277 737 1344 Vella
774 1297 865 1357 „cum
896 1275 939 1341 ad
970 1274 1087 1340 victum
1118 1277 1186 1339 tum
1216 1272 1259 1338 ad
1288 1271 1354 1340 alia
1385 1273 1484 1358 perti·

215 1394 372 1462 nentibus.

258 1511 283 1603 ξ
305 1513 337 1580 4.
363 1513 455 1599 Vulg.
478 1514 527 1578 καί
547 1515 662 1595 ὁρῶντες
678 1516 756 1593 ὑμᾶς
773 1513 878 1585 αὐτοὺς
898 1507 930 1576 oi
951 1512 1071 1577 ὁπλῖται
1087 1508 1154 1589 ἅμα
1169 1508 1216 1575 καί
1233 1507 1289 1574 ὅσα
1305 1511 1485 1589 τεταγμέναι

213 1640 347 1713 χωρεῖτε.
394 1632 458 1700 Pro
489 1632 615 1699 soloeco
638 1630 664 1697 ol
684 1631 860 1699 Vaticanus
884 1629 1019 1716 praebet
1041 1624 1099 1708 σία,
1126 1627 1220 1694 unice
1242 1648 1370 1714 verum,
1395 1627 1483 1712 quod
1534 1629 1535 1632 ’

215 1751 368 1831 aValla,
402 1752 478 1819 licet
500 1753 631 1820 liberius
654 1751 784 1818 sederit
806 1770 905 1835 quam
928 1747 1127 1827 accuratius,
1160 1744 1338 1813 stabilitur:
1366 1766 1486 1830 „quum

217 1870 424 1952 „intueamini
454 1872 599 1958 vosipsos
630 1872 764 1959 qualis
795 1875 961 1938 armatura
992 1875 1099 1936 vestra
1131 1867 1174 1935 sit
1205 1872 1238 1933 et
1261 1870 1404 1951 quantus
1428 1888 1487 1932 nu·

215 2011 320 2057 meme
343 1991 506 2076 pergentis
529 1989 693 2077 agminis’'.

258 2107 283 2198 ξ
305 2109 337 2175 5.
368 2107 459 2194 Vulg.
490 2109 519 2173 ἕν
542 2104 563 2192 ᾧ
586 2107 622 2174 ίαν
646 2112 822 2193 ἀναγκασθῇ
845 2111 939 2192 χωρίῳ
962 2108 1133 2194 ααίχεσίαι,
1156 2106 1183 2171 Β
1206 2105 1324 2192 injuria
1345 2103 1487 2190 pertico·

217 2228 282 2294 lam
306 2228 433 2295 omittit.
1239 2253 1242 2258 ’

259 2344 284 2436 ἓ
307 2348 339 2413 6.
362 2346 454 2433 Vulg.
477 2349 589 2430 ἐχυρῷ,
615 2349 642 2414 Β
666 2349 749 2414 male
771 2351 878 2430 ὀχυρῷ.

259 2466 339 2532 Ibid.
360 2466 454 2553 Vulg.
477 2470 708 2547 προπέμπετε
726 2468 751 2533 δ’
770 2471 807 2541 ὡς
828 2468 934 2540 αὐτοὺς
954 2467 1004 2532 καί
1023 2469 1164 2532 σίπνιντῖιν
1179 2464 1320 2547 εἰρημένον
1337 2464 1387 2530 καὶ
1404 2465 1486 2531 σιτία

215 2581 300 2648 σ’ίλλα
322 2585 461 2672 κομίζειν,
493 2599 515 2652 Β
543 2586 834 2665 πραπίπεαππαι.
867 2584 1072 2670 011111111ιοὶ3,
1098 2605 1162 2651 non
1178 2582 1330 2664 militum,
1355 2583 1487 2649 sicmit-

215 2707 283 2768 tere
299 2703 341 2769 ad
357 2703 517 2788 civitates,
542 2724 626 2788 quae
649 2725 717 2770 rem
732 2703 974 2771 frumentariam
990 2708 1232 2787 comparerent,
1258 2722 1394 2786 cumque
1412 2722 1484 2769 sero

215 2819 343 2901 fuisset,
359 2821 386 2886 si
409 2842 494 2886 nunc
510 2822 637 2888 demum
654 2821 835 2906 agentibus
853 2820 963 2888 amicis
979 2820 1132 2887 auxilium
1148 2820 1334 2905 petiissent,
1353 2818 1485 2905 vagata

216 2937 310 3005 cedat
332 2937 506 3019 Vaticano,
530 2941 591 3006 etsi
614 2962 678 3007 non
701 2940 866 3007 dissimulo
890 2960 939 3006 me
963 2946 1079 3024 putare
1102 2938 1310 3023 provulgata
1327 2937 1484 3023 quodam·

215 3057 310 3124 modo
333 3057 440 3125 lacere
463 3079 490 3124 c.
515 3061 558 3125 80
582 3064 602 3142 ἕ
625 3061 646 3125 5
671 3059 789 3142 ἤλπιζον
815 3061 875 3139 γὰρ
898 3059 947 3123 καί
964 3058 1029 3129 τοὺς
1047 3056 1184 3128 Σικελοὺς
1200 3055 1296 3138 ταύτῃ
1313 3052 1361 3129 οὓς
1377 3079 1485 3132 μετε-

216 3176 408 3257 πέμψαντο
438 3178 670 3252 ἀπαντήσεσθαι.
717 3177 808 3257 Quod
832 3173 1329 3277 BOHOE⁰Q,Q7Q20Um
1352 3195 1394 3240 vu
1429 3181 1486 3243 ata

209 3294 453 3391 pejogQit:
494 3296 563 3376 „Ad
598 3316 678 3380 quos
713 3295 941 3382 praemittite”.
989 3294 1145 3379 Equidem
1180 3293 1258 3359 mibi
1291 3312 1485 3378 persuasum

216 3412 319 3480 habeo
344 3419 400 3480 eut
422 3414 592 3482 lectionem
608 3435 680 3482 esse
697 3420 882 3500 corruptam
895 3413 1036 3499 -quod
1052 3419 1090 3480 ut
1105 3412 1266 3480 existimes
1283 3411 1350 3479 iere
1368 3413 1487 3480 suadet

216 3532 331 3597 mirum
354 3535 378 3597 εί
394 3533 494 3608 νμίννν
520 3572 564 3582 -
588 3540 644 3599 act
668 3555 777 3600 omnes
800 3534 900 3600 libros
923 3534 1035 3599 eadem
1059 3553 1123 3617 qua
1147 3531 1307 3618 vulgatam
1331 3531 1483 3599 laborare

216 3651 347 3739 menda,
385 3652 576 3721 Vaticanum
612 3659 719 3721 autem
753 3674 823 3720 esse
855 3657 1004 3719 sanatum
1036 3652 1222 3735 conjectura
1252 3671 1350 3736 quam
1378 3651 1485 3718 unius·

216 3773 370 3857 cuiusque
400 3779 450 3840 est
480 3775 665 3860 periclitari.
712 3775 799 3841 Duas
830 3780 949 3841 tamem
980 3774 1013 3838 in
1044 3792 1096 3838 res
1119 3770 1233 3837 Vallae
1255 3771 1484 3858 interpretatio

215 3891 307 3957 nobis
330 3893 402 3958 usui
426 3898 491 3959 est:
515 3896 618 3980 primo
641 3915 793 3980 perversa
815 3893 928 3973 lectio,
952 3913 1048 3977 quam
1068 3891 1185 3970 refert,
1209 3913 1267 3958 nos
1283 3896 1392 3958 monet
1408 3912 1483 3958 eum

215 4033 307 4078 usum
341 4032 411 4079 esse
447 4013 556 4080 codice
586 4014 683 4099 plane
714 4014 838 4080 diverso
869 4035 890 4080 a
922 4013 1095 4096 Vatican03
1131 4032 1196 4096 quo
1230 4011 1268 4078 fit
1303 4016 1339 4078 ut
1377 4011 1482 4078 sicubi

217 4152 289 4198 cum
323 4134 350 4199 B
384 4134 417 4199 in
451 4134 539 4213 ἅπαξ
572 4135 721 4215 πενομένῳ
756 4134 915 4213 concinit,
958 4133 1066 4200 variae
1104 4132 1249 4198 lectionis
1286 4136 1483 4197 momentum

217 4257 384 4334 augeatur.
430 4252 552 4318 Deinde
581 4253 615 4317 in
645 4251 749 4319 verbis
779 4252 939 4336 corruptis
961 4253 1009 4316 acl
1039 4251 1120 4316 σιτία
1143 4248 1228 4315 ellac
1252 4249 1376 4332 κομίζειν
1398 4251 1484 4318 viam

221 4368 418 4435 emendatori
450 4371 646 4438 monstravit.
692 4371 771 4438 Cum
802 4371 886 4438 enim
918 4370 1004 4456 apud
1035 4368 1159 4436 Vallem
1192 4369 1316 4455 legatur
1340 4369 1486 4455 „pariter
