3098 4988
693 289 737 356 95

126 524 152 616 ξ
177 526 207 591 3.
231 525 325 610 Vulg.
358 527 409 591 ota
436 525 561 591 ἔλασσον
584 524 745 606 ἔχοντες.
779 523 989 609 Partioipinm
1012 545 1166 611 praesens
1190 524 1353 593 stabilitur

78 645 161 711 loeis
186 643 357 723 similibus,
382 644 494 728 quales
517 644 660 710 invenias
684 646 723 729 3,
747 642 786 725 5,
810 646 840 710 2.
863 645 901 730 4,
926 646 986 732 25,
1005 646 1035 712 6.
1066 643 1351 726 1711111111σχ1ντε1

79 763 238 830 eorrectio
263 762 409 829 ducenda
432 768 488 829 est
536 761 629 830 Valla
654 768 706 843 ,11
729 783 828 848 quum
851 768 945 831 atrox
968 769 1053 831 esset
1076 786 1186 851 pugna
1210 764 1349 850 navalis,

79 902 186 967 neque
208 881 242 948 in
266 902 306 948 ea
327 881 399 948 chii
421 885 519 966 atque
542 880 621 948 socii
644 880 751 948 forent
773 879 967 950 inferiores”.

126 1001 207 1069 Ibid.
231 1001 323 1087 Vulg.
346 1002 371 1066 oi
394 1008 473 1082 xire,
496 1013 518 1067 Β
542 1008 612 1067 Χῖον.

124 1121 232 1207 Caput
255 1122 297 1188 62
320 1117 345 1210 ἓ
366 1122 398 1187 3.
433 1118 523 1206 Vulg.
556 1120 607 1185 καὶ
638 1122 675 1193 oie
705 1120 772 1186 οὔτε
803 1120 1000 1203 προσεχώρουν
1031 1120 1098 1186 οὔτε
1131 1120 1351 1201 προσβαλών

80 1241 201 1307 ἐδύνατο
238 1241 321 1307 ἑλεῖν.
359 1252 382 1306 Β
413 1240 619 1322 προσβάλλων.
654 1239 790 1306 Omnino
826 1247 913 1307 11111
948 1238 1181 1308 Herwerdenus
1216 1245 1351 1308 annotat

78 1361 167 1429 solos
195 1359 411 1445 Thucydidem
442 1364 477 1425 et
505 1357 657 1443 aequales
689 1359 770 1425 seire
793 1358 954 1442 putuisse,
977 1358 1168 1425 1111111111
1193 1335 1348 1444 praestet.

79 1479 250 1560 Quaestio,
275 1499 372 1562 quam
395 1477 496 1545 solvet
517 1498 625 1562 nemo,
650 1479 762 1563 oritur,
779 1478 950 1562 saepiuane
966 1477 1216 1545 Strombiohides
1231 1478 1346 1545 urbem

79 1603 217 1666 conatus
251 1598 294 1664 111
328 1618 511 1683 expugnare
541 1618 583 1664 an
614 1598 712 1664 semel
743 1597 892 1683 repulsus
917 1597 1041 1665 abierit.
1075 1597 1188 1665 Velle:
1225 1619 1349 1683 „neque

78 1717 322 1804 oppugnatione
344 1723 471 1784 tentata
493 1739 677 1803 expugnare
699 1719 838 1804 posset’'.

124 1833 206 1903 Ibid.
229 1834 319 1923 Vulg.
342 1836 455 1911 Σηστὸν
477 1836 562 1902 πάλιν
586 1845 640 1913 τῆς
665 1838 852 1916 Χερσονήσου,
877 1835 910 1915 ἣν
932 1835 1013 1903 τάτε
1036 1839 1130 1913 Μῆδοι
1153 1835 1243 1919 εἶχον.
1282 1837 1348 1904 Alii

77 1954 155 2020 libri
179 1954 262 2032 1111,
288 1954 343 2022 elii
366 1954 448 2035 π1τε,
471 1961 508 2020 ut
523 1954 559 2020 Β.
599 1954 857 2041 Uniusouiusque
874 1976 950 2022 sane
966 1961 1015 2022 est
1030 1976 1090 2041 pro
1105 1955 1172 2021 τότε
1188 1954 1348 2040 corrigere

76 2073 171 2152 πάτε,
204 2073 292 2158 quod
314 2079 422 2140 tamen
445 2073 547 2140 facias
571 2075 747 2141 cavendum
770 2079 828 2142 est.
869 2074 1084 2180 Μ11111ω111ἰ11Ι
1107 2073 1343 2164 ipoiliusgdrr,

77 2191 168 2277 qnod
206 2192 319 2260 lectori
357 2193 454 2278 paulo
492 2193 681 2278 imperitiori
715 2194 817 2260 nostri
850 2194 951 2280 script
952 2194 1016 2260 oris
1050 2194 1177 2260 dioeudi
1210 2193 1346 2261 rationis

77 2311 262 2378 necessario
285 2310 381 2378 debet
403 2312 504 2378 rideri
526 2313 717 2393 absurdum,
741 2313 852 2395 abiit
807 2319 876 2419 tm
891 2313 962 2380 πάτε
979 2335 1076 2414 quam
1091 2314 1236 2417 invicem.
1260 2313 1346 2379 Nota

74 2450 175 2514 porro
210 2450 262 2496 res
294 2435 345 2496 est
375 2430 473 2497 etiam
502 2431 585 2500 libro
615 2434 649 2512 Ι,
682 2433 763 2515 101
776 2410 839 2501 2
842 2408 936 2500 τ1τε
940 2404 991 2499 de
1002 2414 1216 2518 praeteritet
1217 2450 1346 2515 empore

74 2569 147 2615 esse
170 2554 362 2635 usurpatum
386 2549 482 2635 quod,
506 2548 582 2617 licet
604 2550 701 2618 suerit
713 2550 849 2618 Vallae‘
840 2557 930 2636 rgnot
931 2573 994 2632 um,
1008 2555 1117 2618 tamen
1132 2571 1196 2618 nou
1211 2548 1345 2635 impedit

73 2668 245 2752 quominus
280 2687 353 2733 eum
383 2666 451 2733 τ1τε
481 2667 597 2735 vidisse
636 2669 797 2736 dieamus:
844 2668 1092 2750 „Sestum
1123 2667 1343 2735 urbem

75 2806 174 2870 quam
197 2791 285 2853 tum*
300 2782 387 2851 Medi
409 2783 596 2853 tenebant'’.

121 3021 228 3108 Caput
262 3023 306 3090 63
339 3020 364 3113 ἓ
400 3025 428 3089 1.
473 3022 564 3108 Vulg.
598 3025 649 3089 Ἐν
682 3021 774 3103 τούτῳ
807 3021 832 3087 δ’
861 3023 886 3088 οἱ
916 3023 980 3087 Χῖοί
1008 3046 1042 3087 τε
1076 3020 1341 3104 θαλασσοκράτορες

73 3146 193 3221 μάλλον
210 3140 349 3218 ἐγένοντο.
371 3140 399 3205 Β
422 3140 591 3206 omittitis
613 3139 705 3220 τούτῳ
732 3138 780 3220 u,
803 3139 900 3206 verba
923 3139 1123 3217 necessarie,
1149 3139 1342 3224 1111111111-

74 3260 207 3325 niuntur
243 3256 332 3342 apud
369 3256 516 3324 Vallem:
559 3257 706 3338 „Interes
743 3263 776 3322 et
810 3255 882 3323 chii
916 3259 1078 3340 compotes
1108 3255 1207 3323 maris
1236 3255 1342 3325 effecti

74 3383 152 3446 sunt
174 3376 308 3461 magis''.

119 3495 201 3563 Ibid.
226 3494 321 3579 Vulg.
344 3492 499 3573 πνάάμενσς
522 3494 563 3559 τά
585 3492 663 3572 περὶ
687 3494 750 3568 τὴν
773 3493 997 3573 ναυμαχίαν.
1032 3505 1054 3559 Β
1077 3493 1154 3575 περὶ
1177 3503 1240 3571 τῆς
1264 3519 1341 3562 ναυ-

73 3615 231 3696 aaziae.
276 3610 432 3679 Neutrum
463 3611 681 3678 damnandum
704 3630 763 3693 per
786 3631 830 3676 se.
867 3609 1013 3677 Vaticani
1036 3619 1143 3678 autem
1167 3614 1342 3681 auotoritas

73 3742 212 3819 augetur
245 3753 271 3799 1.
309 3732 350 3797 14
384 3728 409 3821 ξ
446 3732 477 3796 2.
513 3729 552 3796 of.
581 3730 678 3796 etiam
707 3729 752 3795 Vl
779 3730 839 3806 32,
867 3730 897 3796 3.
934 3728 1041 3796 Valla:
1074 3729 1207 3812 „audite
1233 3753 1341 3818 pugna

51 3849 214 3920 ,navali”.

118 3967 197 4060 §a
233 3968 324 4053 Vulg.
357 3967 454 4043 ἐπειδὴ
487 3966 547 4048 γάρ
577 3968 601 4032 ol
625 3966 743 4047 περὶ
711 3989 760 4031 τον
783 3965 954 4047 ΠεΙσανὸρον
977 3965 1190 4047 πρέσβεις...
1205 3967 1341 4040 ,ἐςτὴν

74 4088 179 4169 Σάμον
203 4083 296 4163 ἦλθον,
329 4087 370 4151 τά
392 4111 427 4153 τε
450 4089 479 4152 ἕν
503 4087 583 4166 αὐτῷ
605 4087 646 4167 τῷ
670 4085 873 4167 στρατεύματι
896 4084 939 4149 ἔτι
961 4084 1072 4162 βεβανά
1072 4107 1149 4166 τερον
1171 4083 1341 4161 κατέλαβον

72 4206 125 4274 καὶ
149 4209 245 4274 αὐτῶν
269 4211 325 4272 τῶν
350 4207 472 4284 Σαμίων
497 4204 772 4287 προτρεψάντων
795 4205 876 4277 τοὺς
895 4205 1062 4278 δυνατοὺς
1080 4202 1167 4268 άστε
1187 4205 1339 4285 πενράσάαι

71 4326 154 4406 μετά
184 4329 268 4410 σφῶν
296 4324 544 4410 ὀλιγαρχνράῆναν,
569 4323 674 4404 καίπερ
697 4324 980 4396 ἐπαναστάντες
1003 4321 1108 4394 αὐτοὺς
1132 4321 1272 4398 άλλάλοος
1294 4318 1341 4388 ἵνα
