3098 4988
677 320 718 397 θί

56 573 112 656 (ex
136 573 191 656 86)
219 559 359 637 διέσωσαν
389 590 428 637 ac
459 569 555 637 rebus
585 574 698 656 postea
727 570 825 655 gestis
855 576 967 655 aperte
1002 587 1188 655 repugnans
1205 639 1207 643 ,
1222 574 1255 636 et
1288 568 1329 636 ob

55 689 159 757 verba
180 687 217 763 ίις
240 727 284 741 -
311 689 421 768 ἔλαβον
451 690 500 755 καί
523 726 569 739 -
591 689 765 755 οίπίκτειναν
795 710 854 774 per
886 710 919 756 sc
953 688 1096 756 absurda
1126 689 1229 757 oritur
1259 707 1328 755 sen·

55 809 178 890 tentia,
202 807 421 893 duodeviginti
443 808 546 874 solum
568 828 665 876 naves
689 813 831 876 servatas
854 806 953 876 esse’'.
978 807 1075 875 Aliud
1093 806 1172 893 quid
1188 806 1328 875 accedit:

56 949 171 996 omnes
193 927 405 995 Athenienses
428 928 549 996 occisos
572 948 643 995 esse
666 949 706 995 ex
729 928 858 1014 vulgata
882 927 1087 995 statuendum
1110 931 1177 994 estt

102 1046 178 1130 54.
202 1044 296 1132 Vulg.
331 1048 502 1120 παύσαντες
536 1047 599 1122 πίον
630 1047 775 1130 φλίγα,
810 1059 832 1112 Β
863 1048 925 1122 σίν
959 1071 1000 1112 σε
1031 1047 1168 1129 Φλίγα.
1215 1044 1329 1111 Valla:

58 1166 299 1251 „restinctoque
327 1163 484 1233 flamma’'.
529 1165 677 1233 Addatur
706 1165 865 1251 particula
889 1185 989 1241 neone
1013 1186 1078 1231 non
1101 1164 1195 1231 docet
1216 1162 1329 1242 Valla,

54 1304 118 1351 nec
141 1284 277 1352 multum
299 1283 409 1351 refert.

102 1596 210 1682 Caput
232 1597 276 1662 55
299 1600 320 1679 ξ
346 1596 373 1663 l.
404 1594 495 1682 Vulg.
525 1597 723 1674 Γέγεννμένκς
754 1596 784 1661 δὲ
806 1605 859 1671 σῆς
883 1597 959 1672 νίκκς
985 1603 1045 1669 τοῖς
1068 1607 1106 1666 Σ.
1130 1596 1181 1673 ἤδη
1204 1596 1254 1661 καί
1279 1602 1330 1662 ποῦ

56 1722 208 1795 ναυτικοῦ,
238 1715 265 1781 B
289 1715 408 1782 omittit
429 1717 497 1794 καί,
527 1721 565 1781 ut
587 1714 699 1782 Valla:
739 1714 858 1795 „Parta
888 1720 995 1782 autem
1025 1717 1094 1802 jam
1124 1715 1241 1801 insigni
1263 1715 1329 1781 vic-

55 1834 142 1903 toria
173 1831 310 1902 nauati’'.
356 1832 391 1900 Si
420 1833 535 1918 capitis
566 1835 668 1901 nostri
690 1834 815 1900 initium
838 1839 965 1919 spectat
987 1834 1029 1900 ad
1052 1854 1194 1920 pugnam
1217 1854 1329 1900 recens

56 1956 98 2040 (o.
122 1953 179 2038 53)
201 1950 338 2031 factam,
371 1951 422 2018 καί
446 1953 545 2020 nolim
566 1952 721 2034 retinere,
750 1953 827 2038 quia
849 1952 1007 2039 praelium
1030 1958 1182 2020 terrestre
1207 1973 1272 2021 uon
1295 1953 1330 2019 in

59 2070 334 2156 Syracusanorum
358 2071 559 2139 commodum
582 2072 689 2139 cessit.
1303 2165 1305 2168 1

103 2190 184 2257 Ibid.
207 2189 300 2276 Vulg.
336 2190 359 2257 οί
393 2191 447 2268 μὲν
479 2189 528 2261 ’A.
559 2193 588 2256 ε’ν
617 2189 707 2257 παντὶ
738 2190 776 2267 δίς
805 2192 933 2268 οίθνμίας
964 2186 1055 2276 ἦσαν,
1086 2196 1184 2259 recte.
1220 2190 1328 2268 Βῆθιρ.

58 2309 168 2376 Valla:
196 2309 424 2390 „Athenienses
447 2309 620 2377 exanimati
642 2330 775 2396 prorsus
797 2308 922 2377 erant''.

103 2425 128 2518 ξ
151 2430 183 2496 2.
208 2428 302 2513 Vulg.
326 2428 460 2509 μεγέθει,
483 2442 505 2494 Β
527 2430 637 2507 μεγέθν
660 2432 754 2495 recte.
791 2427 885 2495 Valla
909 2428 1139 2514 „potentiam''.

102 2544 127 2636 ξ
150 2547 180 2613 2.
205 2546 296 2633 Vulg.
312 2547 373 2613 οὔτ’
395 2549 632 2628 exscrescentis
653 2550 753 2629 πολλῷ
773 2547 973 2635 κρείσσους,
995 2560 1017 2613 Β
1037 2550 1220 2627 κρείσσους
1239 2545 1328 2620 ὄντες.

58 2665 157 2733 Valla
189 2666 424 2754 „majoribus
449 2664 601 2752 copiis”.
648 2667 737 2733 Inter
759 2688 869 2735 omnes
893 2672 1021 2734 constat
1043 2665 1121 2734 terri
1143 2687 1208 2733 non
1234 2686 1329 2751 posse

59 2785 221 2872 vulgatam
255 2805 359 2870 neque
383 2786 577 2854 Vaticanum
611 2787 658 2871 (in
692 2806 755 2871 quc
791 2785 869 2860 θνσες
905 2786 1227 2871 interpretamentum
1259 2805 1330 2852 esse

36 2904 202 2972 ‘ostendit
236 2903 385 2972 Scholion
418 2907 513 2971 nstra
548 2906 580 2972 τὸ
616 2904 726 2991 θνσες),
763 2906 820 2973 sed
844 2905 957 2972 Valles
992 2905 1090 2973 solius
1116 2905 1236 2972 indicio
1260 2924 1329 2971 esse

60 3023 215 3090 utendum
237 3023 279 3090 ad
302 3023 536 3090 restituendam
553 3025 719 3110 scriptoris
734 3046 881 3091 manum:
898 3025 960 3089 οὔτ’
978 3028 1011 3090 ἐκ
1026 3030 1211 3105 παρασκευῆς
1228 3024 1329 3103 πολιῷ

60 3141 234 3221 κρείσσονος,
265 3141 304 3207 de
335 3141 452 3226 quibus
482 3147 570 3209 recte
601 3141 771 3210 Classenus
802 3143 863 3211 hoc
895 3143 989 3210 modo
1017 3144 1182 3228 disputat,
1209 3142 1329 3222 ,πυκνῷ

64 3260 237 3342 ,κρείσσονος
261 3259 351 3327 halte
373 3259 426 3326 ich
448 3261 508 3328 mit
528 3261 583 3327 Kr.
607 3260 673 3327 und
698 3261 791 3329 Stahl
809 3262 862 3328 fur
878 3262 1062 3347 notwendig
1078 3265 1157 3328 statt
1173 3261 1328 3341 κρείσσους.

64 3381 150 3461 „Das
173 3379 412 3447 vorsohriebene
434 3382 579 3460 κρείσσους
604 3379 633 3446 d.
657 3380 688 3446 h.
711 3383 868 3461 κρείσσονες
891 3377 949 3446 hat
971 3378 1054 3446 auch
1074 3400 1132 3444 zur
1146 3377 1330 3462 Einiiiguug

63 3520 144 3581 „von
166 3497 244 3571 θνσες
266 3498 311 3564 im
328 3497 395 3566 Vat
417 3499 535 3585 (wofiir
555 3499 684 3567 Bekker
706 3499 965 3568 unversttindlich
988 3499 1074 3572 θιπας
1099 3497 1252 3580 schreibt)
1276 3518 1329 3583 ge-

63 3617 183 3699 „ffihrt
205 3617 266 3682 οὔτ’
290 3619 323 3682 ἐκ
345 3640 416 3697 παρ.
439 3641 474 3682 π.
499 3619 655 3696 κρείσσονος
679 3617 766 3684 steht
789 3639 824 3685 so
848 3616 994 3685 offenbar
1017 3617 1089 3684 dem
1111 3618 1172 3683 οὔτ’
1191 3619 1224 3682 ἐκ
1246 3629 1330 3681 πολι-

63 3736 166 3818 ,,πείας
189 3763 218 3803 τι
240 3737 414 3815 μεταβολῆς
438 3736 632 3823 gegeniiber,
657 3738 733 3804 dass
757 3736 850 3804 beide
870 3758 912 3804 an
933 3741 965 3803 οὐ
985 3737 1133 3814 δυνοίμενοι
1149 3738 1328 3818 ἐπενεγκεῖν,

63 3857 133 3938 „als
156 3856 208 3923 die
231 3856 337 3923 Mittel
359 3856 458 3935 danu,
485 3857 744 3923 auzuschliessen
767 3855 867 3922 sind”.

105 4139 212 4224 Caput
235 4137 278 4204 56
300 4135 325 4227 ξ
348 4139 378 4204 2.
401 4138 511 4223 Vulg,:
543 4141 574 4204 οὗ
604 4138 664 4216 γίορ
695 4137 774 4216 περί
806 4143 866 4203 ποῦ
898 4139 1008 4202 αὐτοῦ
1036 4139 1225 4214 ἧσσωθῆναι
1249 4133 1329 4216 (sive

59 4261 230 4343 ἡσσηθῆναι)
360 4260 412 4335 πίον
443 4259 614 4336 ἐπιμέλειαν
644 4261 797 4324 ἐποιοῦντο.
827 4270 861 4326 Β.
893 4260 924 4324 οὐ
955 4259 1015 4338 γίιρ
1041 4256 1203 4337 περὶτοῦ
1228 4252 1329 4322 αὐτοὶ

60 4381 185 4456 σωθῆναι
207 4379 269 4445 κτὲ.
293 4377 434 4446 referens
459 4379 552 4444 unice
576 4399 682 4445 veram
706 4378 891 4458 lectionem,
911 4397 1007 4463 quam
1028 4375 1186 4463 expressit
1200 4394 1328 4462 quoque
