<?xml version="1.0" encoding="UTF-8"?>
<!DOCTYPE html PUBLIC "-//W3C//DTD XHTML 1.0 Transitional//EN"
    "http://www.w3.org/TR/xhtml1/DTD/xhtml1-transitional.dtd">
<html xmlns="http://www.w3.org/1999/xhtml" xml:lang="en" lang="en">
 <head>
  <title>
</title>
<meta http-equiv="Content-Type" content="text/html;charset=utf-8" />
  <meta name='ocr-system' content='tesseract 3.04.00' />
  <meta name='ocr-capabilities' content='ocr_page ocr_carea ocr_par ocr_line ocrx_word'/>
</head>
<body>
  <div class='ocr_page' id='page_1' title='image "./dethucydidisvat00vallgoog_0071.png"; bbox 0 0 3098 4988; ppageno 0'>
   <div class='ocr_carea' id='block_1_1' title="bbox 751 334 794 399">
    <p class='ocr_par' dir='ltr' id='par_1_1' title="bbox 751 334 794 399">
     <span class='ocr_line' id='line_1_1' title="bbox 751 334 794 399; baseline 0 0"><span class='ocrx_word' id='word_1_1' title='bbox 751 334 794 399; x_wconf 87' lang='lat'>41</span> 
     </span>
    </p>
   </div>
   <div class='ocr_carea' id='block_1_2' title="bbox 134 569 1412 1137">
    <p class='ocr_par' dir='ltr' id='par_1_2' title="bbox 134 569 1410 1014">
     <span class='ocr_line' id='line_1_2' title="bbox 134 569 1410 657; baseline -0.002 -17"><span class='ocrx_word' id='word_1_2' title='bbox 134 587 157 640; x_wconf 89' lang='grc' dir='ltr'><strong>Β</strong></span> <span class='ocrx_word' id='word_1_3' title='bbox 181 572 347 653; x_wconf 79' lang='grc' dir='ltr'><em>οὶτασας,</em></span> <span class='ocrx_word' id='word_1_4' title='bbox 374 571 461 657; x_wconf 90' lang='lat' dir='ltr'>quod</span> <span class='ocrx_word' id='word_1_5' title='bbox 484 571 612 638; x_wconf 80' lang='lat' dir='ltr'>Vellem</span> <span class='ocrx_word' id='word_1_6' title='bbox 636 571 776 638; x_wconf 79' lang='lat' dir='ltr'><strong>arbitror</strong></span> <span class='ocrx_word' id='word_1_7' title='bbox 796 572 993 657; x_wconf 79' lang='lat' dir='ltr'>expressisse</span> <span class='ocrx_word' id='word_1_8' title='bbox 1009 591 1085 639; x_wconf 83' lang='lat' dir='ltr'>voce</span> <span class='ocrx_word' id='word_1_9' title='bbox 1104 569 1287 651; x_wconf 84' lang='lat' dir='ltr'>‚‚cunctas”.</span> <span class='ocrx_word' id='word_1_10' title='bbox 1309 571 1410 655; x_wconf 90' lang='lat' dir='ltr'>Prop-</span> 
     </span>
     <span class='ocr_line' id='line_1_3' title="bbox 136 685 1409 774; baseline -0.005 -16"><span class='ocrx_word' id='word_1_11' title='bbox 136 697 229 759; x_wconf 77' lang='lat' dir='ltr'>terea</span> <span class='ocrx_word' id='word_1_12' title='bbox 260 690 345 774; x_wconf 89' lang='lat' dir='ltr'>quod</span> <span class='ocrx_word' id='word_1_13' title='bbox 377 691 475 756; x_wconf 87' lang='lat' dir='ltr'>duces</span> <span class='ocrx_word' id='word_1_14' title='bbox 505 688 749 756; x_wconf 80' lang='lat' dir='ltr'>Atheniensium</span> <span class='ocrx_word' id='word_1_15' title='bbox 781 689 878 757; x_wconf 89' lang='lat' dir='ltr'>duces</span> <span class='ocrx_word' id='word_1_16' title='bbox 909 709 1020 756; x_wconf 89' lang='lat' dir='ltr'>omnes</span> <span class='ocrx_word' id='word_1_17' title='bbox 1051 687 1238 755; x_wconf 69' lang='lat' dir='ltr'>novesium</span> <span class='ocrx_word' id='word_1_18' title='bbox 1264 685 1409 764; x_wconf 77' lang='grc' dir='ltr'><em>ἦσανκα)</em></span> 
     </span>
     <span class='ocr_line' id='line_1_4' title="bbox 137 806 1410 894; baseline -0.002 -18"><span class='ocrx_word' id='word_1_19' title='bbox 137 809 260 876; x_wconf 76' lang='grc' dir='ltr'><em>δυναταὶ</em></span> <span class='ocrx_word' id='word_1_20' title='bbox 287 812 336 875; x_wconf 77' lang='grc' dir='ltr'>καὶ</span> <span class='ocrx_word' id='word_1_21' title='bbox 360 809 560 892; x_wconf 74' lang='grc' dir='ltr'><em>οξτιιοώτεραι,</em></span> <span class='ocrx_word' id='word_1_22' title='bbox 592 809 627 874; x_wconf 93' lang='lat' dir='ltr'>in</span> <span class='ocrx_word' id='word_1_23' title='bbox 650 810 756 876; x_wconf 82' lang='lat' dir='ltr'>animo</span> <span class='ocrx_word' id='word_1_24' title='bbox 779 809 944 876; x_wconf 79' lang='lat' dir='ltr'>habebant</span> <span class='ocrx_word' id='word_1_25' title='bbox 965 806 1117 894; x_wconf 90' lang='lat' dir='ltr'>implere,</span> <span class='ocrx_word' id='word_1_26' title='bbox 1143 807 1304 893; x_wconf 79' lang='lat' dir='ltr'><strong>vulgatam</strong></span> <span class='ocrx_word' id='word_1_27' title='bbox 1327 806 1410 873; x_wconf 91' lang='lat' dir='ltr'>libro</span> 
     </span>
     <span class='ocr_line' id='line_1_5' title="bbox 137 927 491 1014; baseline -0.008 -18"><span class='ocrx_word' id='word_1_28' title='bbox 137 927 297 997; x_wconf 73' lang='lat' dir='ltr'>Vaticano</span> <span class='ocrx_word' id='word_1_29' title='bbox 320 934 491 1014; x_wconf 89' lang='lat' dir='ltr'>postpono.</span> 
     </span>
    </p>

    <p class='ocr_par' dir='ltr' id='par_1_3' title="bbox 181 1042 1412 1137">
     <span class='ocr_line' id='line_1_6' title="bbox 181 1042 1412 1137; baseline -0.005 -25"><span class='ocrx_word' id='word_1_30' title='bbox 181 1044 206 1137; x_wconf 64' lang='grc' dir='ltr'>ξ</span> <span class='ocrx_word' id='word_1_31' title='bbox 229 1046 260 1112; x_wconf 86' lang='grc'>5.</span> <span class='ocrx_word' id='word_1_32' title='bbox 282 1045 376 1131; x_wconf 86' lang='lat' dir='ltr'>Vulg.</span> <span class='ocrx_word' id='word_1_33' title='bbox 399 1047 412 1110; x_wconf 83' lang='grc' dir='ltr'>ὁ</span> <span class='ocrx_word' id='word_1_34' title='bbox 435 1046 464 1110; x_wconf 75' lang='grc' dir='ltr'>δὲ</span> <span class='ocrx_word' id='word_1_35' title='bbox 487 1045 594 1119; x_wconf 78' lang='grc' dir='ltr'><em>Νικίας</em></span> <span class='ocrx_word' id='word_1_36' title='bbox 610 1092 619 1111; x_wconf 91' lang='grc'><strong>.</strong></span> <span class='ocrx_word' id='word_1_37' title='bbox 635 1097 642 1113; x_wconf 95' lang='grc'><strong>.</strong></span> <span class='ocrx_word' id='word_1_38' title='bbox 656 1092 664 1111; x_wconf 92' lang='grc'><strong>.</strong></span> <span class='ocrx_word' id='word_1_39' title='bbox 680 1095 686 1110; x_wconf 93' lang='grc'><strong>.</strong></span> <span class='ocrx_word' id='word_1_40' title='bbox 704 1046 768 1125; x_wconf 79' lang='grc' dir='ltr'><em>ὁρῶν</em></span> <span class='ocrx_word' id='word_1_41' title='bbox 790 1044 935 1118; x_wconf 76' lang='grc' dir='ltr'><em>καὶτοὺς</em></span> <span class='ocrx_word' id='word_1_42' title='bbox 958 1044 1141 1124; x_wconf 77' lang='grc' dir='ltr'><em>στρατιώτας</em></span> <span class='ocrx_word' id='word_1_43' title='bbox 1164 1045 1205 1124; x_wconf 78' lang='grc' dir='ltr'>τῷ</span> <span class='ocrx_word' id='word_1_44' title='bbox 1227 1068 1261 1108; x_wconf 85' lang='grc' dir='ltr'>τε</span> <span class='ocrx_word' id='word_1_45' title='bbox 1278 1043 1360 1123; x_wconf 72' lang='grc' dir='ltr'><em>παρὰ</em></span> <span class='ocrx_word' id='word_1_46' title='bbox 1379 1042 1412 1107; x_wconf 83' lang='grc' dir='ltr'>τὸ</span> 
     </span>
    </p>
   </div>
   <div class='ocr_carea' id='block_1_3' title="bbox 135 1162 1416 2671">
    <p class='ocr_par' dir='ltr' id='par_1_4' title="bbox 135 1162 1416 2671">
     <span class='ocr_line' id='line_1_7' title="bbox 135 1162 1411 1244; baseline -0.003 -13"><span class='ocrx_word' id='word_1_47' title='bbox 135 1166 230 1238; x_wconf 76' lang='grc' dir='ltr'><strong><em>εἰωθὸς</em></strong></span> <span class='ocrx_word' id='word_1_48' title='bbox 254 1163 330 1230; x_wconf 73' lang='grc' dir='ltr'>πολὺ</span> <span class='ocrx_word' id='word_1_49' title='bbox 353 1169 420 1235; x_wconf 81' lang='grc' dir='ltr'><em>ταῖς</em></span> <span class='ocrx_word' id='word_1_50' title='bbox 444 1162 527 1228; x_wconf 79' lang='grc' dir='ltr'><em>ναυσὶ</em></span> <span class='ocrx_word' id='word_1_51' title='bbox 550 1165 724 1244; x_wconf 72' lang='grc' dir='ltr'>κρατηθῆναι</span> <span class='ocrx_word' id='word_1_52' title='bbox 747 1165 930 1243; x_wconf 77' lang='grc' dir='ltr'><em>οὶθυμοῦντας</em></span> <span class='ocrx_word' id='word_1_53' title='bbox 957 1165 1005 1229; x_wconf 73' lang='grc' dir='ltr'>καὶ</span> <span class='ocrx_word' id='word_1_54' title='bbox 1028 1165 1077 1230; x_wconf 77' lang='grc' dir='ltr'>δια</span> <span class='ocrx_word' id='word_1_55' title='bbox 1098 1167 1150 1239; x_wconf 66' lang='grc' dir='ltr'>τὴν</span> <span class='ocrx_word' id='word_1_56' title='bbox 1173 1169 1229 1228; x_wconf 79' lang='grc' dir='ltr'>τῶν</span> <span class='ocrx_word' id='word_1_57' title='bbox 1246 1162 1411 1238; x_wconf 74' lang='grc' dir='ltr'><em>ἐπιτηδείαν</em></span> 
     </span>
     <span class='ocr_line' id='line_1_8' title="bbox 136 1280 1412 1368; baseline -0.003 -20"><span class='ocrx_word' id='word_1_58' title='bbox 136 1281 244 1348; x_wconf 74' lang='grc' dir='ltr'><em>σπάνιν</em></span> <span class='ocrx_word' id='word_1_59' title='bbox 267 1284 304 1354; x_wconf 77' lang='grc' dir='ltr'>ὡς</span> <span class='ocrx_word' id='word_1_60' title='bbox 327 1280 464 1362; x_wconf 67' lang='grc' dir='ltr'><em>τάχιστα</em></span> <span class='ocrx_word' id='word_1_61' title='bbox 486 1280 678 1358; x_wconf 77' lang='grc' dir='ltr'><em>βουλομένους</em></span> <span class='ocrx_word' id='word_1_62' title='bbox 703 1282 926 1368; x_wconf 75' lang='grc' dir='ltr'><em>διακινδυνεύειν,</em></span> <span class='ocrx_word' id='word_1_63' title='bbox 950 1280 1141 1359; x_wconf 74' lang='grc' dir='ltr'><em>ξυγκαλέσας</em></span> <span class='ocrx_word' id='word_1_64' title='bbox 1166 1281 1305 1353; x_wconf 76' lang='grc' dir='ltr'><em>ἅπαντας</em></span> <span class='ocrx_word' id='word_1_65' title='bbox 1321 1305 1412 1361; x_wconf 81' lang='grc' dir='ltr'><em>ταρε·</em></span> 
     </span>
     <span class='ocr_line' id='line_1_9' title="bbox 138 1397 1411 1484; baseline -0.002 -19"><span class='ocrx_word' id='word_1_66' title='bbox 138 1399 311 1466; x_wconf 80' lang='grc' dir='ltr'><em>κελεύσατο.</em></span> <span class='ocrx_word' id='word_1_67' title='bbox 357 1398 385 1463; x_wconf 95' lang='grc' dir='ltr'>Β</span> <span class='ocrx_word' id='word_1_68' title='bbox 416 1403 449 1464; x_wconf 84' lang='lat' dir='ltr'>et</span> <span class='ocrx_word' id='word_1_69' title='bbox 478 1397 573 1464; x_wconf 78' lang='lat' dir='ltr'>Valla</span> <span class='ocrx_word' id='word_1_70' title='bbox 604 1405 677 1466; x_wconf 83' lang='lat' dir='ltr'>ante</span> <span class='ocrx_word' id='word_1_71' title='bbox 700 1400 774 1482; x_wconf 64' lang='lat' dir='ltr'>polle</span> <span class='ocrx_word' id='word_1_72' title='bbox 805 1399 989 1482; x_wconf 74' lang='grc' dir='ltr'><em>στρατιώτας</em></span> <span class='ocrx_word' id='word_1_73' title='bbox 1021 1404 1132 1466; x_wconf 79' lang='lat' dir='ltr'>curent</span> <span class='ocrx_word' id='word_1_74' title='bbox 1161 1398 1322 1484; x_wconf 78' lang='lat' dir='ltr'>particula</span> <span class='ocrx_word' id='word_1_75' title='bbox 1343 1398 1411 1475; x_wconf 75' lang='grc' dir='ltr'><em>καί,</em></span> 
     </span>
     <span class='ocr_line' id='line_1_10' title="bbox 144 1516 1413 1604; baseline -0.002 -18"><span class='ocrx_word' id='word_1_76' title='bbox 144 1539 243 1604; x_wconf 82' lang='lat' dir='ltr'>quum</span> <span class='ocrx_word' id='word_1_77' title='bbox 274 1516 446 1583; x_wconf 82' lang='lat' dir='ltr'>Olosseuus</span> <span class='ocrx_word' id='word_1_78' title='bbox 471 1516 557 1582; x_wconf 88' lang='lat' dir='ltr'>solus</span> <span class='ocrx_word' id='word_1_79' title='bbox 580 1523 706 1584; x_wconf 84' lang='lat' dir='ltr'>tuetur:</span> <span class='ocrx_word' id='word_1_80' title='bbox 742 1517 813 1584; x_wconf 80' lang='lat' dir='ltr'>Vct</span> <span class='ocrx_word' id='word_1_81' title='bbox 837 1517 895 1585; x_wconf 82' lang='lat' dir='ltr'>het</span> <span class='ocrx_word' id='word_1_82' title='bbox 916 1521 965 1583; x_wconf 74' lang='grc' dir='ltr'>καὶ</span> <span class='ocrx_word' id='word_1_83' title='bbox 991 1519 1088 1585; x_wconf 90' lang='lat' dir='ltr'>nicht.</span> <span class='ocrx_word' id='word_1_84' title='bbox 1133 1518 1224 1584; x_wconf 89' lang='lat' dir='ltr'>Doch</span> <span class='ocrx_word' id='word_1_85' title='bbox 1248 1517 1337 1584; x_wconf 83' lang='lat' dir='ltr'>holte</span> <span class='ocrx_word' id='word_1_86' title='bbox 1359 1518 1413 1583; x_wconf 90' lang='lat' dir='ltr'>ich</span> 
     </span>
     <span class='ocr_line' id='line_1_11' title="bbox 145 1633 1413 1724; baseline -0.003 -19"><span class='ocrx_word' id='word_1_87' title='bbox 145 1659 181 1706; x_wconf 88' lang='lat' dir='ltr'>es</span> <span class='ocrx_word' id='word_1_88' title='bbox 196 1639 279 1724; x_wconf 82' lang='lat' dir='ltr'>jetct</span> <span class='ocrx_word' id='word_1_89' title='bbox 301 1637 354 1702; x_wconf 84' lang='lat' dir='ltr'>fiir</span> <span class='ocrx_word' id='word_1_90' title='bbox 377 1636 460 1704; x_wconf 82' lang='lat' dir='ltr'>wohl</span> <span class='ocrx_word' id='word_1_91' title='bbox 483 1633 681 1721; x_wconf 83' lang='lat' dir='ltr'>begriiudet‚</span> <span class='ocrx_word' id='word_1_92' title='bbox 707 1637 748 1704; x_wconf 84' lang='lat' dir='ltr'>du</span> <span class='ocrx_word' id='word_1_93' title='bbox 771 1637 822 1703; x_wconf 88' lang='lat' dir='ltr'>die</span> <span class='ocrx_word' id='word_1_94' title='bbox 845 1658 945 1722; x_wconf 83' lang='lat' dir='ltr'>genzo</span> <span class='ocrx_word' id='word_1_95' title='bbox 968 1637 1224 1723; x_wconf 82' lang='lat' dir='ltr'>voraufgehende</span> <span class='ocrx_word' id='word_1_96' title='bbox 1247 1636 1413 1721; x_wconf 83' lang='lat' dir='ltr'>Beretung</span> 
     </span>
     <span class='ocr_line' id='line_1_12' title="bbox 141 1752 1412 1842; baseline -0.001 -20"><span class='ocrx_word' id='word_1_97' title='bbox 141 1777 204 1822; x_wconf 91' lang='lat' dir='ltr'>nur</span> <span class='ocrx_word' id='word_1_98' title='bbox 239 1757 297 1821; x_wconf 90' lang='lat' dir='ltr'>mit</span> <span class='ocrx_word' id='word_1_99' title='bbox 327 1754 391 1821; x_wconf 90' lang='lat' dir='ltr'>den</span> <span class='ocrx_word' id='word_1_100' title='bbox 424 1752 592 1840; x_wconf 78' lang='lat' dir='ltr'>Strategen</span> <span class='ocrx_word' id='word_1_101' title='bbox 623 1756 687 1821; x_wconf 89' lang='lat' dir='ltr'>und</span> <span class='ocrx_word' id='word_1_102' title='bbox 719 1753 918 1825; x_wconf 83' lang='lat' dir='ltr'>Texierchen</span> <span class='ocrx_word' id='word_1_103' title='bbox 940 1756 1090 1842; x_wconf 81' lang='lat' dir='ltr'>gehalteu</span> <span class='ocrx_word' id='word_1_104' title='bbox 1114 1755 1207 1823; x_wconf 83' lang='lat' dir='ltr'>wer&#39;&#39;.</span> <span class='ocrx_word' id='word_1_105' title='bbox 1253 1754 1412 1840; x_wconf 83' lang='lat' dir='ltr'>Vulgatoe</span> 
     </span>
     <span class='ocr_line' id='line_1_13' title="bbox 140 1873 1411 1944; baseline -0.001 -4"><span class='ocrx_word' id='word_1_106' title='bbox 140 1874 302 1941; x_wconf 85' lang='lat' dir='ltr'>sententia</span> <span class='ocrx_word' id='word_1_107' title='bbox 333 1873 414 1940; x_wconf 85' lang='lat' dir='ltr'>haec</span> <span class='ocrx_word' id='word_1_108' title='bbox 448 1873 490 1940; x_wconf 86' lang='lat' dir='ltr'>sit</span> <span class='ocrx_word' id='word_1_109' title='bbox 524 1894 655 1943; x_wconf 91' lang='lat' dir='ltr'>necesse</span> <span class='ocrx_word' id='word_1_110' title='bbox 689 1881 759 1943; x_wconf 89' lang='lat' dir='ltr'>eet:</span> <span class='ocrx_word' id='word_1_111' title='bbox 796 1875 905 1944; x_wconf 79' lang='lat' dir='ltr'>Nicias</span> <span class='ocrx_word' id='word_1_112' title='bbox 939 1875 1050 1943; x_wconf 88' lang='lat' dir='ltr'>videns</span> <span class='ocrx_word' id='word_1_113' title='bbox 1084 1897 1149 1942; x_wconf 93' lang='lat' dir='ltr'>uon</span> <span class='ocrx_word' id='word_1_114' title='bbox 1184 1875 1278 1941; x_wconf 92' lang='lat' dir='ltr'>modo</span> <span class='ocrx_word' id='word_1_115' title='bbox 1314 1873 1411 1940; x_wconf 86' lang='lat' dir='ltr'>duces</span> 
     </span>
     <span class='ocr_line' id='line_1_14' title="bbox 140 1992 1414 2082; baseline -0.001 -23"><span class='ocrx_word' id='word_1_116' title='bbox 140 1993 384 2060; x_wconf 83' lang='lat' dir='ltr'>Atheniensium</span> <span class='ocrx_word' id='word_1_117' title='bbox 414 1992 593 2061; x_wconf 86' lang='lat' dir='ltr'>sedetiam</span> <span class='ocrx_word' id='word_1_118' title='bbox 616 1994 733 2062; x_wconf 84' lang='lat' dir='ltr'>milites</span> <span class='ocrx_word' id='word_1_119' title='bbox 760 1994 880 2062; x_wconf 79' lang='lat' dir='ltr'>fractos</span> <span class='ocrx_word' id='word_1_120' title='bbox 904 2016 989 2082; x_wconf 89' lang='lat' dir='ltr'>esse,</span> <span class='ocrx_word' id='word_1_121' title='bbox 1015 2016 1124 2062; x_wconf 91' lang='lat' dir='ltr'>omnes</span> <span class='ocrx_word' id='word_1_122' title='bbox 1148 2000 1339 2061; x_wconf 83' lang='lat' dir='ltr'>convocatos</span> <span class='ocrx_word' id='word_1_123' title='bbox 1362 1999 1414 2059; x_wconf 90' lang='lat' dir='ltr'>est</span> 
     </span>
     <span class='ocr_line' id='line_1_15' title="bbox 143 2109 1412 2198; baseline -0.002 -19"><span class='ocrx_word' id='word_1_124' title='bbox 143 2111 347 2179; x_wconf 77' lang='lat' dir='ltr'>adhortatus.</span> <span class='ocrx_word' id='word_1_125' title='bbox 377 2110 421 2176; x_wconf 81' lang='lat' dir='ltr'>At</span> <span class='ocrx_word' id='word_1_126' title='bbox 443 2111 540 2178; x_wconf 89' lang='lat' dir='ltr'>duces</span> <span class='ocrx_word' id='word_1_127' title='bbox 563 2109 684 2178; x_wconf 81' lang='lat' dir='ltr'>fructos</span> <span class='ocrx_word' id='word_1_128' title='bbox 712 2112 812 2180; x_wconf 87' lang='lat' dir='ltr'>fuisse</span> <span class='ocrx_word' id='word_1_129' title='bbox 835 2113 943 2181; x_wconf 80' lang='lat' dir='ltr'>animo</span> <span class='ocrx_word' id='word_1_130' title='bbox 966 2134 1031 2180; x_wconf 92' lang='lat' dir='ltr'>non</span> <span class='ocrx_word' id='word_1_131' title='bbox 1052 2112 1188 2198; x_wconf 77' lang='lat' dir='ltr'>legimus</span> <span class='ocrx_word' id='word_1_132' title='bbox 1203 2112 1242 2196; x_wconf 77' lang='lat'>1).</span> <span class='ocrx_word' id='word_1_133' title='bbox 1275 2109 1337 2178; x_wconf 88' lang='lat' dir='ltr'>Sed</span> <span class='ocrx_word' id='word_1_134' title='bbox 1360 2109 1412 2177; x_wconf 86' lang='lat' dir='ltr'>iao</span> 
     </span>
     <span class='ocr_line' id='line_1_16' title="bbox 142 2229 1415 2318; baseline -0.002 -22"><span class='ocrx_word' id='word_1_135' title='bbox 142 2231 206 2298; x_wconf 90' lang='lat' dir='ltr'>hoc</span> <span class='ocrx_word' id='word_1_136' title='bbox 228 2229 276 2296; x_wconf 81' lang='lat' dir='ltr'>ite</span> <span class='ocrx_word' id='word_1_137' title='bbox 299 2251 388 2308; x_wconf 87' lang='lat' dir='ltr'>esse,</span> <span class='ocrx_word' id='word_1_138' title='bbox 412 2231 490 2315; x_wconf 88' lang='lat' dir='ltr'>quid</span> <span class='ocrx_word' id='word_1_139' title='bbox 513 2231 613 2309; x_wconf 84' lang='lat' dir='ltr'>refert</span> <span class='ocrx_word' id='word_1_140' title='bbox 636 2237 743 2298; x_wconf 88' lang='lat' dir='ltr'>utrum</span> <span class='ocrx_word' id='word_1_141' title='bbox 767 2232 864 2300; x_wconf 87' lang='lat' dir='ltr'>duces</span> <span class='ocrx_word' id='word_1_142' title='bbox 888 2232 1030 2299; x_wconf 80' lang='lat' dir='ltr'>animum</span> <span class='ocrx_word' id='word_1_143' title='bbox 1048 2231 1276 2318; x_wconf 87' lang='lat' dir='ltr'>desponderint</span> <span class='ocrx_word' id='word_1_144' title='bbox 1291 2233 1415 2296; x_wconf 83' lang='lat' dir='ltr'>necne?</span> 
     </span>
     <span class='ocr_line' id='line_1_17' title="bbox 149 2349 1415 2435; baseline 0 -20"><span class='ocrx_word' id='word_1_145' title='bbox 149 2349 234 2416; x_wconf 89' lang='lat' dir='ltr'>Num</span> <span class='ocrx_word' id='word_1_146' title='bbox 264 2355 359 2435; x_wconf 88' lang='lat' dir='ltr'>putes</span> <span class='ocrx_word' id='word_1_147' title='bbox 390 2349 511 2416; x_wconf 78' lang='lat' dir='ltr'>Niciam</span> <span class='ocrx_word' id='word_1_148' title='bbox 540 2370 604 2416; x_wconf 92' lang='lat' dir='ltr'>nou</span> <span class='ocrx_word' id='word_1_149' title='bbox 627 2350 839 2419; x_wconf 79' lang='lat' dir='ltr'>allocuturum</span> <span class='ocrx_word' id='word_1_150' title='bbox 864 2351 963 2418; x_wconf 82' lang='lat' dir='ltr'>luisse</span> <span class='ocrx_word' id='word_1_151' title='bbox 987 2351 1219 2419; x_wconf 79' lang='lat' dir='ltr'>commilitones</span> <span class='ocrx_word' id='word_1_152' title='bbox 1243 2371 1318 2418; x_wconf 90' lang='lat' dir='ltr'>suos</span> <span class='ocrx_word' id='word_1_153' title='bbox 1342 2350 1369 2417; x_wconf 87' lang='lat' dir='ltr'>si</span> <span class='ocrx_word' id='word_1_154' title='bbox 1391 2352 1415 2416; x_wconf 81' lang='grc' dir='ltr'>οἱ</span> 
     </span>
     <span class='ocr_line' id='line_1_18' title="bbox 141 2466 1416 2549; baseline 0.002 -17"><span class='ocrx_word' id='word_1_155' title='bbox 141 2467 309 2549; x_wconf 72' lang='grc' dir='ltr'><em>στρατηγοὶ</em></span> <span class='ocrx_word' id='word_1_156' title='bbox 349 2468 397 2532; x_wconf 74' lang='grc' dir='ltr'>καὶ</span> <span class='ocrx_word' id='word_1_157' title='bbox 433 2469 457 2533; x_wconf 78' lang='grc' dir='ltr'>οἱ</span> <span class='ocrx_word' id='word_1_158' title='bbox 491 2466 648 2549; x_wconf 73' lang='grc' dir='ltr'><em>ταξίαρχοι</em></span> <span class='ocrx_word' id='word_1_159' title='bbox 682 2466 768 2535; x_wconf 93' lang='lat' dir='ltr'>bono</span> <span class='ocrx_word' id='word_1_160' title='bbox 802 2466 938 2535; x_wconf 84' lang='lat' dir='ltr'>fuissent</span> <span class='ocrx_word' id='word_1_161' title='bbox 974 2469 1102 2535; x_wconf 83' lang='lat' dir='ltr'>animo?</span> <span class='ocrx_word' id='word_1_162' title='bbox 1138 2469 1181 2534; x_wconf 84' lang='lat' dir='ltr'>Et</span> <span class='ocrx_word' id='word_1_163' title='bbox 1215 2490 1293 2536; x_wconf 85' lang='lat' dir='ltr'>saue</span> <span class='ocrx_word' id='word_1_164' title='bbox 1324 2488 1416 2534; x_wconf 93' lang='lat' dir='ltr'>nemo</span> 
     </span>
     <span class='ocr_line' id='line_1_19' title="bbox 141 2583 1415 2671; baseline 0.002 -22"><span class='ocrx_word' id='word_1_165' title='bbox 141 2583 313 2650; x_wconf 82' lang='lat' dir='ltr'>mirabitur</span> <span class='ocrx_word' id='word_1_166' title='bbox 351 2584 525 2652; x_wconf 86' lang='lat' dir='ltr'>exereitum</span> <span class='ocrx_word' id='word_1_167' title='bbox 564 2584 671 2652; x_wconf 80' lang='lat' dir='ltr'>auimo</span> <span class='ocrx_word' id='word_1_168' title='bbox 710 2584 866 2653; x_wconf 87' lang='lat' dir='ltr'>defecisse</span> <span class='ocrx_word' id='word_1_169' title='bbox 904 2592 980 2671; x_wconf 87' lang='lat' dir='ltr'>post</span> <span class='ocrx_word' id='word_1_170' title='bbox 1013 2591 1062 2653; x_wconf 89' lang='lat' dir='ltr'>tot</span> <span class='ocrx_word' id='word_1_171' title='bbox 1094 2591 1268 2671; x_wconf 85' lang='lat' dir='ltr'>tentosque</span> <span class='ocrx_word' id='word_1_172' title='bbox 1306 2586 1415 2653; x_wconf 79' lang='lat' dir='ltr'>eludes</span> 
     </span>
    </p>
   </div>
   <div class='ocr_carea' id='block_1_4' title="bbox 141 2701 1416 2888">
    <p class='ocr_par' dir='ltr' id='par_1_5' title="bbox 141 2701 1416 2888">
     <span class='ocr_line' id='line_1_20' title="bbox 141 2701 1416 2790; baseline 0.002 -22"><span class='ocrx_word' id='word_1_173' title='bbox 141 2703 314 2786; x_wconf 78' lang='lat' dir='ltr'>acceptus!</span> <span class='ocrx_word' id='word_1_174' title='bbox 349 2701 506 2781; x_wconf 77' lang='lat' dir='ltr'>Quocirca</span> <span class='ocrx_word' id='word_1_175' title='bbox 536 2702 626 2768; x_wconf 86' lang='lat' dir='ltr'>nulle</span> <span class='ocrx_word' id='word_1_176' title='bbox 655 2708 744 2770; x_wconf 84' lang='lat' dir='ltr'>extet</span> <span class='ocrx_word' id='word_1_177' title='bbox 777 2724 876 2770; x_wconf 84' lang='lat' dir='ltr'>causa</span> <span class='ocrx_word' id='word_1_178' title='bbox 899 2709 1031 2790; x_wconf 89' lang='lat' dir='ltr'>propter</span> <span class='ocrx_word' id='word_1_179' title='bbox 1054 2724 1153 2788; x_wconf 87' lang='lat' dir='ltr'>quom</span> <span class='ocrx_word' id='word_1_180' title='bbox 1176 2705 1314 2790; x_wconf 90' lang='lat' dir='ltr'>scriptor</span> <span class='ocrx_word' id='word_1_181' title='bbox 1339 2725 1416 2770; x_wconf 92' lang='lat' dir='ltr'>con·</span> 
     </span>
     <span class='ocr_line' id='line_1_21' title="bbox 142 2819 630 2888; baseline 0.002 -1"><span class='ocrx_word' id='word_1_182' title='bbox 142 2819 227 2887; x_wconf 78' lang='lat' dir='ltr'>sulio</span> <span class='ocrx_word' id='word_1_183' title='bbox 251 2819 413 2888; x_wconf 78' lang='lat' dir='ltr'>addiderit</span> <span class='ocrx_word' id='word_1_184' title='bbox 433 2819 546 2887; x_wconf 82' lang='lat' dir='ltr'>inutile</span> <span class='ocrx_word' id='word_1_185' title='bbox 569 2821 630 2888; x_wconf 76' lang='grc' dir='ltr'><em>καί.</em></span> 
     </span>
    </p>
   </div>
   <div class='ocr_carea' id='block_1_5' title="bbox 144 3056 1415 3252">
    <p class='ocr_par' dir='ltr' id='par_1_6' title="bbox 144 3056 1415 3252">
     <span class='ocr_line' id='line_1_22' title="bbox 193 3056 1415 3148; baseline 0.001 -24"><span class='ocrx_word' id='word_1_186' title='bbox 193 3057 300 3144; x_wconf 84' lang='lat' dir='ltr'>Ooput</span> <span class='ocrx_word' id='word_1_187' title='bbox 323 3060 365 3125; x_wconf 83' lang='lat'>61</span> <span class='ocrx_word' id='word_1_188' title='bbox 389 3056 414 3148; x_wconf 56' lang='grc' dir='ltr'>ὅ</span> <span class='ocrx_word' id='word_1_189' title='bbox 440 3063 467 3126; x_wconf 88' lang='grc'>1.</span> <span class='ocrx_word' id='word_1_190' title='bbox 499 3056 593 3145; x_wconf 81' lang='lat' dir='ltr'>Vulg.</span> <span class='ocrx_word' id='word_1_191' title='bbox 624 3057 772 3137; x_wconf 67' lang='grc' dir='ltr'><em>ἑκάστοις,</em></span> <span class='ocrx_word' id='word_1_192' title='bbox 805 3072 827 3124; x_wconf 86' lang='grc' dir='ltr'><strong>Β</strong></span> <span class='ocrx_word' id='word_1_193' title='bbox 850 3059 982 3141; x_wconf 70' lang='grc' dir='ltr'><em>ἕκαστον,</em></span> <span class='ocrx_word' id='word_1_194' title='bbox 1014 3059 1072 3125; x_wconf 91' lang='lat' dir='ltr'>sed</span> <span class='ocrx_word' id='word_1_195' title='bbox 1101 3079 1160 3145; x_wconf 89' lang='lat' dir='ltr'>per</span> <span class='ocrx_word' id='word_1_196' title='bbox 1186 3059 1415 3127; x_wconf 88' lang='lat' dir='ltr'>correctionem</span> 
     </span>
     <span class='ocr_line' id='line_1_23' title="bbox 144 3177 287 3252; baseline 0.021 -11"><span class='ocrx_word' id='word_1_197' title='bbox 144 3177 287 3252; x_wconf 74' lang='grc' dir='ltr'><em>εκοὶστοις.</em></span> 
     </span>
    </p>
   </div>
   <div class='ocr_carea' id='block_1_6' title="bbox 141 3415 1416 3618">
    <p class='ocr_par' dir='ltr' id='par_1_7' title="bbox 141 3415 1416 3618">
     <span class='ocr_line' id='line_1_24' title="bbox 189 3415 1415 3501; baseline -0.002 -18"><span class='ocrx_word' id='word_1_198' title='bbox 189 3415 295 3501; x_wconf 80' lang='lat' dir='ltr'>Caput</span> <span class='ocrx_word' id='word_1_199' title='bbox 318 3418 361 3483; x_wconf 80' lang='lat'>62</span> <span class='ocrx_word' id='word_1_200' title='bbox 385 3421 405 3500; x_wconf 67' lang='grc' dir='ltr'><strong>ξ</strong></span> <span class='ocrx_word' id='word_1_201' title='bbox 430 3417 460 3483; x_wconf 86' lang='grc'>2.</span> <span class='ocrx_word' id='word_1_202' title='bbox 489 3416 580 3482; x_wconf 88' lang='lat' dir='ltr'>Libri</span> <span class='ocrx_word' id='word_1_203' title='bbox 612 3437 722 3485; x_wconf 90' lang='lat' dir='ltr'>omnes</span> <span class='ocrx_word' id='word_1_204' title='bbox 745 3419 843 3486; x_wconf 87' lang='lat' dir='ltr'>etium</span> <span class='ocrx_word' id='word_1_205' title='bbox 865 3419 910 3484; x_wconf 87' lang='lat' dir='ltr'>B:</span> <span class='ocrx_word' id='word_1_206' title='bbox 933 3417 983 3483; x_wconf 80' lang='grc' dir='ltr'>καὶ</span> <span class='ocrx_word' id='word_1_207' title='bbox 1011 3417 1071 3499; x_wconf 69' lang='grc' dir='ltr'>γὰρ</span> <span class='ocrx_word' id='word_1_208' title='bbox 1094 3416 1211 3496; x_wconf 77' lang='grc' dir='ltr'><em>τοξόται</em></span> <span class='ocrx_word' id='word_1_209' title='bbox 1238 3419 1341 3484; x_wconf 68' lang='lat' dir='ltr'>roseo}</span> <span class='ocrx_word' id='word_1_210' title='bbox 1365 3424 1415 3483; x_wconf 77' lang='grc' dir='ltr'>καὶ</span> 
     </span>
     <span class='ocr_line' id='line_1_25' title="bbox 141 3531 1416 3618; baseline 0.001 -19"><span class='ocrx_word' id='word_1_211' title='bbox 141 3535 311 3600; x_wconf 73' lang='grc' dir='ltr'><em>ἀκοντισταὶ</em></span> <span class='ocrx_word' id='word_1_212' title='bbox 345 3534 535 3612; x_wconf 72' lang='grc' dir='ltr'><em>ἕτιβήσονται</em></span> <span class='ocrx_word' id='word_1_213' title='bbox 568 3538 616 3602; x_wconf 73' lang='grc' dir='ltr'>καὶ</span> <span class='ocrx_word' id='word_1_214' title='bbox 648 3534 757 3617; x_wconf 74' lang='grc' dir='ltr'><em>ὄχλοι,</em></span> <span class='ocrx_word' id='word_1_215' title='bbox 789 3531 810 3618; x_wconf 77' lang='grc' dir='ltr'><em>ᾧ</em></span> <span class='ocrx_word' id='word_1_216' title='bbox 841 3537 1016 3618; x_wconf 75' lang='grc' dir='ltr'><em>ναυμαχίαν</em></span> <span class='ocrx_word' id='word_1_217' title='bbox 1041 3536 1095 3614; x_wconf 75' lang='grc' dir='ltr'>μὲν</span> <span class='ocrx_word' id='word_1_218' title='bbox 1123 3536 1281 3614; x_wconf 80' lang='grc' dir='ltr'><em>ποιούμενοι</em></span> <span class='ocrx_word' id='word_1_219' title='bbox 1306 3537 1341 3600; x_wconf 86' lang='grc' dir='ltr'>-ἐυ</span> <span class='ocrx_word' id='word_1_220' title='bbox 1366 3560 1416 3600; x_wconf 84' lang='grc' dir='ltr'>τε·</span> 
     </span>
    </p>
   </div>
   <div class='ocr_carea' id='block_1_7' title="bbox 141 3773 1415 4224">
    <p class='ocr_par' dir='ltr' id='par_1_8' title="bbox 141 3773 1415 4224">
     <span class='ocr_line' id='line_1_26' title="bbox 142 3773 1415 3865; baseline -0.002 -24"><span class='ocrx_word' id='word_1_221' title='bbox 142 3784 199 3842; x_wconf 82' lang='grc' dir='ltr'>τῶν</span> <span class='ocrx_word' id='word_1_222' title='bbox 230 3783 314 3865; x_wconf 76' lang='grc' dir='ltr'><em>νεῶν,</em></span> <span class='ocrx_word' id='word_1_223' title='bbox 346 3779 374 3842; x_wconf 86' lang='grc' dir='ltr'>ἕν</span> <span class='ocrx_word' id='word_1_224' title='bbox 398 3778 427 3842; x_wconf 73' lang='grc' dir='ltr'>δὲ</span> <span class='ocrx_word' id='word_1_225' title='bbox 451 3787 487 3859; x_wconf 69' lang='grc' dir='ltr'>τῇ</span> <span class='ocrx_word' id='word_1_226' title='bbox 511 3778 607 3843; x_wconf 71' lang='grc' dir='ltr'><em>ἐνθάδε</em></span> <span class='ocrx_word' id='word_1_227' title='bbox 636 3779 844 3861; x_wconf 56' lang='grc' dir='ltr'><em>ἠναγκασμένα</em></span> <span class='ocrx_word' id='word_1_228' title='bbox 866 3778 925 3843; x_wconf 70' lang='grc' dir='ltr'>οξτο</span> <span class='ocrx_word' id='word_1_229' title='bbox 948 3783 1003 3842; x_wconf 79' lang='grc' dir='ltr'>τῶν</span> <span class='ocrx_word' id='word_1_230' title='bbox 1026 3783 1092 3842; x_wconf 80' lang='grc' dir='ltr'><em>νεῶν</em></span> <span class='ocrx_word' id='word_1_231' title='bbox 1116 3776 1290 3858; x_wconf 70' lang='grc' dir='ltr'><em>πεζομαχία</em></span> <span class='ocrx_word' id='word_1_232' title='bbox 1312 3773 1415 3856; x_wconf 75' lang='grc' dir='ltr'><em>πρόσ-</em></span> 
     </span>
     <span class='ocr_line' id='line_1_27' title="bbox 141 3894 1415 3982; baseline -0.002 -21"><span class='ocrx_word' id='word_1_233' title='bbox 141 3903 235 3980; x_wconf 80' lang='grc' dir='ltr'><em>φορα</em></span> <span class='ocrx_word' id='word_1_234' title='bbox 259 3899 353 3962; x_wconf 76' lang='grc' dir='ltr'><em>ἔσται.</em></span> <span class='ocrx_word' id='word_1_235' title='bbox 402 3896 561 3965; x_wconf 84' lang='lat' dir='ltr'>Stahlium</span> <span class='ocrx_word' id='word_1_236' title='bbox 595 3898 623 3964; x_wconf 93' lang='lat' dir='ltr'>si</span> <span class='ocrx_word' id='word_1_237' title='bbox 657 3898 832 3982; x_wconf 89' lang='lat' dir='ltr'>excipimus</span> <span class='ocrx_word' id='word_1_238' title='bbox 864 3920 972 3966; x_wconf 93' lang='lat' dir='ltr'>omnes</span> <span class='ocrx_word' id='word_1_239' title='bbox 1005 3897 1144 3964; x_wconf 89' lang='lat' dir='ltr'>editores</span> <span class='ocrx_word' id='word_1_240' title='bbox 1176 3917 1236 3981; x_wconf 91' lang='lat' dir='ltr'>pro</span> <span class='ocrx_word' id='word_1_241' title='bbox 1267 3894 1415 3977; x_wconf 77' lang='grc' dir='ltr'><em>πρόσφορα</em></span> 
     </span>
     <span class='ocr_line' id='line_1_28' title="bbox 143 4012 1414 4099; baseline -0.004 -16"><span class='ocrx_word' id='word_1_242' title='bbox 143 4015 290 4083; x_wconf 87' lang='lat' dir='ltr'>scribunt</span> <span class='ocrx_word' id='word_1_243' title='bbox 329 4017 488 4099; x_wconf 74' lang='grc' dir='ltr'><em>πρόσφορος</em></span> <span class='ocrx_word' id='word_1_244' title='bbox 524 4026 673 4086; x_wconf 90' lang='lat' dir='ltr'>monente</span> <span class='ocrx_word' id='word_1_245' title='bbox 707 4017 876 4086; x_wconf 83' lang='lat' dir='ltr'>Glosseuo:</span> <span class='ocrx_word' id='word_1_246' title='bbox 914 4017 983 4099; x_wconf 74' lang='grc' dir='ltr'><em>,μοι</em></span> <span class='ocrx_word' id='word_1_247' title='bbox 1018 4016 1107 4098; x_wconf 74' lang='grc' dir='ltr'><em>ὄχλος</em></span> <span class='ocrx_word' id='word_1_248' title='bbox 1143 4015 1225 4081; x_wconf 85' lang='lat' dir='ltr'>habe</span> <span class='ocrx_word' id='word_1_249' title='bbox 1259 4012 1311 4079; x_wconf 90' lang='lat' dir='ltr'>ioh</span> <span class='ocrx_word' id='word_1_250' title='bbox 1344 4034 1414 4079; x_wconf 89' lang='lat' dir='ltr'>vom</span> 
     </span>
     <span class='ocr_line' id='line_1_29' title="bbox 143 4132 1415 4224; baseline -0.005 -21"><span class='ocrx_word' id='word_1_251' title='bbox 143 4134 437 4221; x_wconf 83' lang='lat' dir='ltr'>Voreufgeheudeu</span> <span class='ocrx_word' id='word_1_252' title='bbox 461 4137 563 4203; x_wconf 88' lang='lat' dir='ltr'>durch</span> <span class='ocrx_word' id='word_1_253' title='bbox 585 4137 834 4224; x_wconf 80' lang='lat' dir='ltr'>Interpunlrtion</span> <span class='ocrx_word' id='word_1_254' title='bbox 856 4142 1022 4222; x_wconf 80' lang='lat' dir='ltr'>getrennt3</span> <span class='ocrx_word' id='word_1_255' title='bbox 1057 4157 1092 4202; x_wconf 91' lang='lat' dir='ltr'>es</span> <span class='ocrx_word' id='word_1_256' title='bbox 1115 4134 1200 4201; x_wconf 87' lang='lat' dir='ltr'>steht</span> <span class='ocrx_word' id='word_1_257' title='bbox 1221 4153 1304 4199; x_wconf 76' lang='grc' dir='ltr'><em>υκαι</em></span> <span class='ocrx_word' id='word_1_258' title='bbox 1332 4132 1415 4199; x_wconf 83' lang='lat' dir='ltr'>euch</span> 
     </span>
    </p>
   </div>
   <div class='ocr_carea' id='block_1_8' title="bbox 179 4402 1317 4545">
    <p class='ocr_par' dir='ltr' id='par_1_9' title="bbox 179 4402 1317 4545">
     <span class='ocr_line' id='line_1_30' title="bbox 179 4402 1123 4472; baseline -0.005 -16"><span class='ocrx_word' id='word_1_259' title='bbox 179 4405 207 4472; x_wconf 83' lang='lat'>1)</span> <span class='ocrx_word' id='word_1_260' title='bbox 225 4406 257 4459; x_wconf 84' lang='lat' dir='ltr'>ol.</span> <span class='ocrx_word' id='word_1_261' title='bbox 275 4421 298 4459; x_wconf 90' lang='lat' dir='ltr'>c.</span> <span class='ocrx_word' id='word_1_262' title='bbox 315 4405 348 4458; x_wconf 86' lang='grc'>60</span> <span class='ocrx_word' id='word_1_263' title='bbox 365 4405 473 4458; x_wconf 88' lang='lat' dir='ltr'>initium</span> <span class='ocrx_word' id='word_1_264' title='bbox 492 4406 524 4456; x_wconf 86' lang='lat' dir='ltr'>ed</span> <span class='ocrx_word' id='word_1_265' title='bbox 541 4406 639 4458; x_wconf 86' lang='lat' dir='ltr'>ducum</span> <span class='ocrx_word' id='word_1_266' title='bbox 657 4405 771 4457; x_wconf 80' lang='lat' dir='ltr'>abeundi</span> <span class='ocrx_word' id='word_1_267' title='bbox 788 4404 903 4455; x_wconf 81' lang='lat' dir='ltr'>rationes</span> <span class='ocrx_word' id='word_1_268' title='bbox 921 4402 1123 4469; x_wconf 70' lang='lat' dir='ltr'>cognoscendas.</span> 
     </span>
     <span class='ocr_line' id='line_1_31' title="bbox 1300 4495 1317 4545; baseline 0 0"><span class='ocrx_word' id='word_1_269' title='bbox 1300 4495 1317 4545; x_wconf 75' lang='lat'><strong>4</strong></span> 
     </span>
    </p>
   </div>
   <div class='ocr_carea' id='block_1_9' title="bbox 0 0 1564 4988">
    <p class='ocr_par' dir='ltr' id='par_1_10' title="bbox 0 0 1564 4988">
     <span class='ocr_line' id='line_1_32' title="bbox 0 0 1564 4988; baseline 0 0"><span class='ocrx_word' id='word_1_270' title='bbox 0 0 1564 4988; x_wconf 95' lang='lat' dir='ltr'> </span> 
     </span>
    </p>
   </div>
  </div>
 </body>
</html>
