3098 4988
757 332 801 398 29

138 564 257 632 beuter
287 563 451 632 desidero:
488 566 572 647 „Ubi
597 567 666 653 jam
695 566 766 636 loco
796 567 1057 654 propinquabant
1088 588 1199 635 uersus
1231 565 1407 654 Euryelum

138 685 221 772 (qua
243 691 338 771 parte
361 686 477 753 iterum
499 685 589 772 prior
611 686 769 754 exercitus
792 685 1023 770 neander-atr&

187 803 268 872 Ibid.
293 804 383 892 Vulg.
407 804 513 888 ἄνδρας
536 813 592 873 τῶν
615 807 757 890 φολιίκων
778 809 1003 894 οίποκτείνονσιν,
1026 820 1048 875 Β
1071 806 1176 890 ἄνδρας
1200 806 1291 879 τινοίς.
1325 803 1404 873 Jure

139 923 313 993 Classenua
337 925 561 994 animadvertit
583 949 622 994 ex
645 948 706 995 usu
729 927 895 1014 scriptoris
917 927 952 993 in
974 925 1206 1007 locutionibus,
1229 923 1334 1010 qualis
1358 927 1408 990 est

139 1051 270 1132 nostra,
295 1045 376 1119 τινοίι
400 1046 513 1113 omitti.
551 1046 631 1115 Cum
653 1047 688 1113 in
709 1046 812 1115 latina
835 1045 963 1132 quidem
985 1045 1094 1132 lingua
1109 1043 1177 1111 fere
1193 1042 1408 1111 necessarium

141 1163 185 1232 sit
207 1162 326 1232 addere
348 1185 542 1250 pronomen,
566 1185 631 1233 nou
653 1165 750 1251 plane
774 1164 814 1232 de
837 1164 948 1231 Vallae
973 1162 1134 1247 scriptura
1157 1165 1295 1229 constat.

186 1279 211 1372 ξ
241 1281 272 1349 4.
302 1280 394 1369 Vulg.
425 1283 450 1347 οί
480 1282 509 1349 δὲ
536 1284 653 1357 πλείους
677 1284 870 1368 διαφυγόντες
895 1282 976 1356 εὐθὺς
1000 1282 1069 1363 πρὸς
1093 1281 1133 1348 τοὶ
1157 1277 1409 1364 capacissimis

142 1395 175 1476 ἦν
205 1400 253 1465 ε’πί
285 1405 340 1466 τῶν
364 1405 530 1468 Ἐπιπολῶν
555 1403 622 1483 τρία
629 1429 639 1482 3
663 1404 691 1469 Β
713 1403 801 1471 hisce
824 1401 916 1471 addit
938 1403 968 1467 ἐν
991 1402 1230 1484 προτειχίσμασι.
1276 1398 1408 1466 Minime

142 1538 215 1584 cum
246 1517 399 1586 Classenc
432 1521 552 1607 recipio
576 1521 725 1589 Vaticani
756 1519 1029 1599 additamentum,
1053 1518 1140 1604 quod
1164 1517 1199 1583 in
1222 1516 1293 1584 aliis
1316 1515 1408 1584 libris

140 1635 262 1720 partim
284 1637 409 1703 uncinis
432 1642 483 1705 est
503 1638 662 1706 inclusum
685 1639 805 1724 partim
828 1635 1089 1723 superscriptum.
1124 1635 1314 1720 Interpretis
1331 1656 1409 1703 sane

141 1759 192 1822 est
220 1753 324 1821 verbis
354 1755 403 1821 ε’πί
434 1761 489 1822 τῶν
513 1759 677 1823 Ἐπιπολῶν
700 1755 821 1824 addere
843 1758 873 1822 ἐν
897 1755 1155 1840 προτειχίσμασιν,
1178 1754 1268 1820 cuius
1290 1754 1409 1822 emble-

143 1872 239 1940 matis
271 1873 414 1958 spuriam
445 1880 596 1942 naturam
625 1874 734 1960 locus,
765 1895 829 1960 quc
859 1874 988 1960 legitur,
1019 1871 1162 1940 denotat.
1208 1869 1288 1938 Orta
1310 1870 1410 1939 verba

143 1989 293 2057 ridentur
323 2012 393 2058 esse
424 2012 464 2058 ex
485 1989 510 2084 ξ
533 1994 565 2063 6.
599 1992 712 2061 Valla:
738 1992 902 2078 „pluribus
924 1991 1059 2077 elapsis,
1082 1990 1137 2075 qui
1159 2010 1295 2076 propere
1318 1991 1407 2076 apud

141 2113 236 2176 terna
260 2128 342 2193 quae
364 2108 398 2174 in
421 2109 566 2196 Epipclis
589 2116 683 2178 eraut
707 2118 832 2194 castra,
856 2161 884 2179 ..
900 2162 926 2177 ..
948 2108 1127 2178 nuntiant''.

186 2225 212 2317 ξ
235 2228 255 2294 6
280 2226 371 2314 Vulg.
394 2230 424 2294 ἕν
448 2230 526 2296 νυκτὶ
550 2231 653 2315 σφίσι,
676 2243 698 2297 Β
724 2230 826 2315 σφίσιν
849 2233 878 2297 ἕν
900 2230 990 2298 νυκτί.

186 2465 293 2553 Caput
324 2468 368 2534 44
401 2465 426 2560 ξ
452 2470 478 2534 l.
513 2468 607 2555 Vulg.
638 2470 667 2533 ε’ν
697 2469 726 2534 δὲ
756 2468 963 2556 ννκτομκχίρι,
994 2463 1010 2544 ἢ
1040 2465 1112 2547 μίννρ
1145 2466 1177 2541 tl
1207 2466 1408 2549 στρατοπέδων

141 2584 286 2664 μεχοίλων
315 2589 349 2653 ε’ν
381 2588 464 2671 τῷδε
496 2592 540 2670 τῷ
570 2589 714 2670 πολέμῳ
743 2588 876 2675 ἐγένετο,
906 2601 928 2655 Β
954 2589 988 2654 ἔν
1010 2612 1052 2666 γε
1075 2587 1161 2669 τῷδε
1185 2587 1230 2666 τῷ
1254 2588 1407 2669 ποκὲμςι.

142 2703 236 2772 Valla
258 2705 452 2791 particulam
475 2708 617 2793 neglexit
638 2729 743 2794 neque
766 2714 874 2777 autem
897 2708 975 2778 alibi
998 2709 1126 2795 saepius
1153 2707 1293 2786 curavit;
1326 2727 1405 2792 qua-

139 2826 274 2908 propter
307 2844 384 2890 num
411 2823 526 2891 uiderit
554 2831 664 2893 nostro
686 2827 759 2895 lccc
782 2826 899 2896 nescio.
947 2826 1141 2906 Quaestione
1165 2825 1205 2892 de
1228 2825 1320 2892 varia
1341 2825 1407 2892 lec·

139 2940 228 3008 tione
250 2942 359 3027 posita
381 2941 528 3027 equidem
551 2968 589 3023 γε
612 2946 830 3032 recipiendum
852 2969 923 3015 esse
946 2968 1010 3015 uun
1033 2953 1122 3032 puto.
1157 2945 1244 3013 Satis
1270 2965 1406 3030 parrum

141 3062 226 3128 enirn
249 3070 298 3130 est
321 3062 492 3132 discrimen
514 3065 597 3133 inter
621 3067 815 3136 sententias:
842 3067 896 3154 „in
919 3073 1078 3134 nocturna
1092 3085 1220 3150 pugna,
1237 3083 1320 3149 quae
1336 3063 1406 3130 sola

140 3180 178 3249 ia
202 3180 260 3249 ίοοο
282 3181 362 3250 bellu
384 3181 467 3249 inter
490 3204 624 3270 magnos
647 3186 804 3253 exercitus
828 3190 904 3252 tunc
928 3190 977 3251 est
1000 3181 1186 3251 cummissc”
1210 3187 1243 3249 et
1262 3181 1314 3263 „in
1330 3203 1404 3249 ncc-

137 3305 234 3367 turna
260 3321 386 3387 pugna,
418 3321 500 3386 quae
524 3302 596 3369 sola
619 3302 679 3371 ίιοο
700 3303 832 3394 quidem
855 3303 893 3372 ia
916 3302 996 3371 ίιοίίο
1018 3302 1103 3368 iuter
1125 3321 1260 3386 magnas
1284 3300 1405 3368 exerci-

138 3422 191 3485 tus
213 3424 290 3487 tunc
313 3426 363 3487 est
387 3420 586 3491 commissa''.
632 3423 715 3502 Quin
737 3424 820 3503 imo,
845 3424 959 3510 opinor
981 3423 1043 3489 vim
1067 3419 1313 3505 restringentem
1326 3426 1405 3505 ‘par-

139 3537 258 3605 ticulae
281 3539 403 3624 puerile
426 3539 505 3624 quid
528 3539 648 3608 habere
671 3548 704 3609 et
727 3547 859 3629 propter
881 3545 910 3608 ἐν
933 3541 1004 3624 τῷδε
1028 3543 1068 3623 τῷ
1088 3539 1207 3621 πολέμῳ
1227 3537 1403 3606 abundare.

182 3655 250 3740 §4-
275 3655 368 3741 Vulg.
387 3653 418 3722 οί
430 3683 463 3722 τε
484 3660 543 3741 γὰρ
567 3661 846 3740 reaequincato}
865 3660 1023 3742 ξύμμαχοι
1044 3666 1258 3743 κρατοῦντες
1279 3682 1403 3737 παρεκε-

136 3776 269 3863 λεύοντο,
302 3787 325 3841 Β
355 3778 395 3850 ὥς
427 3784 652 3858 κρατοῦντες.
698 3781 746 3848 De
776 3783 832 3867 ὡς,
864 3780 950 3866 quod
982 3778 1071 3846 haud
1102 3778 1198 3845 dubie
1229 3776 1403 3844 correctori

136 3895 279 3973 debetur,
311 3916 351 3961 ex
373 3894 468 3964 Valla
497 3897 577 3963 nihil
599 3920 659 3985 pro
684 3905 771 3967 certo
795 3899 901 3966 dicere
924 3897 1016 3965 licet:
1043 3897 1227 3983 „Siquidem
1250 3900 1283 3962 et
1306 3894 1402 3981 Syra·

135 4013 249 4081 cusani
271 4013 414 4098 sociique
437 4013 629 4082 vincentes’'.

179 4130 261 4199 Ibid.
285 4131 377 4219 Vulg.
408 4137 470 4198 noia
500 4133 532 4198 τὸ
564 4135 699 4220 ἐναντίον,
729 4147 751 4202 Β
783 4138 844 4201 πᾶν
867 4137 900 4201 τί
923 4135 1128 4214 ἐξεναντίας,
1153 4133 1336 4200 restitutum
1360 4150 1400 4197 ex

135 4250 274 4319 scholio:
302 4250 352 4316 καὶ
376 4252 436 4315 πῖιν
459 4251 492 4316 τί
515 4252 650 4338 ἐναντίον,
674 4254 846 4340 χροίφεπαι,
871 4253 921 4319 καί
945 4257 1006 4319 ποίν
1029 4253 1062 4318 τί
1084 4249 1261 4331 ἐξεναντίας.
1285 4248 1393 4317 Valla:

137 4376 190 4451 „et
212 4371 404 4456 quicumque
428 4368 657 4442 occurrerent.’'
