3098 4988
752 279 793 343 16

136 524 188 591 τῆς
212 515 359 593 δυνάμεως
384 519 434 583 aa}
458 518 589 594 resurr,
614 516 677 583 ὅσον
701 519 771 582 κωτ’
796 517 897 598 ἀρχὰς
922 523 973 582 τοῦ
996 516 1126 593 πολέμου
1151 517 1175 580 ω’
1194 512 1250 591 plo
1267 516 1413 595 ἕνιιιντόν,

135 634 159 699 oi
190 634 220 699 δὲ
250 634 314 712 δύο,
346 637 370 700 ci
404 636 433 701 δὲ
459 642 540 718 τριῶν
562 660 601 714 γε
624 638 716 720 ἐτῶν,
738 636 857 708 οὐδεὶς
881 637 971 702 πλείω
993 636 1094 717 χρόνον
1116 633 1243 716 ἐνόμιζον
1267 636 1415 717 περιοίσειν

136 752 244 824 αὐτοὺς
384 752 459 820 ὥστε
490 756 570 834 ari„
596 766 619 820 Β
650 759 681 822 οὐ
711 754 735 818 δ’
767 756 824 832 εἷς,
853 759 938 822 certe
961 754 1172 841 depravatum
1196 772 1238 818 ex
1260 753 1333 818 οὐδ’
1357 748 1415 827 εἷς.

137 869 231 938 Valla
263 892 375 952 „nemo
408 872 557 942 diutius'’.
604 874 859 963 Herwerdenus,
883 874 939 959 qui
955 875 981 961 ¹)
1005 872 1175 959 proposuit
1196 874 1228 939 οὐ
1253 871 1310 953 δή,
1336 871 1415 938 sitne

137 989 321 1074 sequendus
343 1012 461 1074 necne,
484 1015 544 1079 pro
568 1001 657 1061 certo
681 1015 748 1061 non
771 992 907 1060 affirmo.
941 992 1046 1058 Aliam
1062 990 1103 1059 ob
1120 1010 1253 1057 causam
1271 989 1415 1057 animum

136 1108 223 1176 hunc
253 1110 296 1177 ad
325 1110 431 1178 locum
462 1113 604 1182 adverto.
652 1115 686 1182 Si
720 1116 773 1182 cui
806 1115 902 1183 etiam
930 1113 1063 1182 dubium
1087 1114 1165 1200 erit,
1189 1116 1305 1178 utrum
1330 1112 1418 1179 Vati·

137 1250 254 1311 canus,
279 1231 366 1316 qnod
389 1233 431 1299 ad
454 1237 625 1320 septimum
648 1242 861 1321 octavumque
877 1236 996 1303 attinet
1011 1233 1146 1320 librum,
1163 1232 1268 1300 codici
1286 1232 1416 1299 cuidam

138 1348 279 1434 optimae
309 1357 406 1419 notae
437 1358 504 1421 tam
535 1357 682 1442 egregias
712 1355 887 1423 identidem
919 1354 1073 1422 lectiones
1106 1350 1241 1428 debeat,
1277 1371 1326 1418 an
1350 1371 1417 1418 cor·

139 1469 293 1555 rectoris,
325 1492 530 1558 nequaquam
560 1474 689 1560 linguae
722 1475 888 1559 nostrique
919 1473 1060 1541 auctoris
1094 1469 1257 1538 scribendi
1279 1470 1419 1539 rationis

138 1588 295 1676 imperiti,
326 1592 455 1678 ingenio
486 1594 595 1662 multis
630 1596 769 1675 mendis,
794 1616 877 1680 quae
901 1594 934 1660 in
957 1593 1088 1678 reliquis
1111 1591 1202 1657 libris
1227 1611 1291 1657 nos
1318 1589 1419 1659 offen-

139 1706 235 1794 dant,
260 1708 302 1775 sit
324 1710 499 1797 liberatus,
521 1713 584 1780 hoc
607 1721 718 1781 nostro
742 1713 889 1800 exemplo
913 1712 1053 1779 monitus
1075 1709 1271 1777 sententiam
1289 1710 1418 1795 opinio·

140 1845 278 1909 nemque
301 1827 490 1897 confirmare
515 1832 643 1916 poterit.
667 1833 793 1900 Etenim
817 1832 889 1916 quis
915 1836 982 1917 est,
1007 1830 1085 1914 quin
1109 1827 1143 1893 in
1165 1824 1223 1892 οὐδ’
1243 1822 1285 1900 εἷς
1305 1828 1418 1896 statim

141 1944 317 2031 perspiciat
351 1956 581 2037 correctorem,
616 1956 790 2018 nauantem
824 1971 978 2035 operam,
1017 1955 1054 2015 nt
1088 1946 1281 2031 scriptorem
1321 1967 1420 2032 quam

144 2063 380 2149 elegantissime
404 2088 484 2153 opus
508 2090 599 2136 suum
623 2070 797 2137 confecisse
821 2069 1053 2136 decernamus?
1088 2065 1223 2151 Saepius
1239 2070 1356 2133 tamen
1372 2067 1418 2134 vir

142 2180 197 2247 ille
220 2181 350 2251 criticus
374 2187 549 2272 speciosius
574 2209 671 2273 quam
694 2190 797 2257 verius
813 2193 935 2256 textum
951 2185 1149 2263 emendavit,
1166 2190 1203 2251 nt
1217 2181 1271 2250 hic
1288 2186 1416 2272 majore
1457 2170 1459 2223 fl

76 2365 82 2373 .
141 2320 214 2366 eum
244 2303 389 2387 emphasi
418 2306 475 2371 οὐδ’
507 2302 546 2378 εἷς
577 2307 654 2375 licet
684 2308 727 2375 sit
758 2307 897 2392 dictum,
926 2306 985 2372 tali
1013 2305 1174 2390 scriptura
1197 2323 1280 2388 opus
1304 2307 1417 2372 tamen

142 2439 208 2485 non
231 2424 292 2486 est.

188 2536 391 2619 Classennm,
429 2543 484 2625 qui
519 2547 633 2611 contra
663 2543 736 2609 ὥστε
768 2544 935 2630 scrupulos
965 2543 1078 2624 movit,
1108 2541 1313 2610 admonitum
1348 2543 1428 2611 esse

143 2656 237 2723 velim
260 2678 368 2725 vocem
391 2660 475 2727 hano
498 2661 611 2729 referri
636 2661 753 2730 debere
777 2663 817 2729 ad
841 2670 984 2731 τοιοῦτον.

186 2776 267 2844 Ibid.
296 2776 390 2865 Vulg.
421 2785 454 2846 et
483 2793 505 2846 Β
536 2782 587 2859 ἤδη
618 2784 658 2862 τῷ
690 2783 808 2862 πολέμῳ
933 2780 1154 2864 τετρυχωμέναι.
1204 2778 1305 2849 Valla
1331 2782 1419 2868 ‚jam

144 2896 279 2963 eodem
291 2896 375 2965 bello
387 2899 565 2972 exhausti'.
583 2901 635 2969 Sic
647 2902 744 2970 etiam
756 2901 935 2969 Parisinus:
953 2901 1004 2977 ila
1017 2903 1057 2983 τῷ
1074 2901 1171 2981 aurp
1183 2898 1306 2982 πολέμῳ
1319 2926 1418 2969 .....τ

189 3011 213 3104 ξ
242 3014 272 3080 4.
311 3014 401 3103 Vulg.
433 3019 499 3085 ὑπὸ
532 3026 632 3086 τοῦτον
666 3020 715 3086 τὸν
744 3021 854 3103 χρόνον.
901 3031 923 3085 Β
956 3040 996 3085 ex
1026 3018 1148 3086 scholio
1184 3015 1288 3103 aava,
1330 3021 1420 3105 quod

144 3139 275 3219 praeter
297 3132 484 3203 Olassenum
507 3159 600 3206 nemo
623 3140 755 3226 recepit.
802 3138 910 3206 Valla:
938 3157 1015 3223 „per
1037 3135 1072 3203 id
1095 3135 1254 3221 tempus”.

193 3370 299 3457 Caput
323 3375 365 3440 29
382 3380 403 3458 ξ
420 3376 449 3440 1.
474 3375 567 3463 Vulg.
590 3377 623 3454 ἤν
638 3404 666 3445 τι
682 3379 872 3458 δύνωνται,
896 3391 918 3445 Β
942 3377 1105 3454 δύνντιιι.
1130 3376 1245 3444 Valla:
1272 3381 1425 3469 „siquid

148 3493 290 3576 posset’'.
315 3493 394 3561 Cum
417 3499 518 3565 multo
542 3500 649 3584 aptius
672 3500 715 3566 ad
739 3499 928 3586 Diitrephen
951 3518 1050 3583 quam
1073 3499 1117 3567 ad
1139 3498 1282 3567 Thraces
1300 3503 1427 3572 milites

147 3610 309 3679 referatur
330 3614 480 3702 verbum,
503 3622 648 3703 praestat
662 3617 750 3685 haud
767 3615 864 3683 dubie
880 3617 1016 3695 δύνηται,
1043 3617 1243 3702 quodetiam
1260 3620 1427 3704 probatur

148 3729 253 3798 serbis
281 3735 336 3797 ἀπ’
362 3735 475 3819 αὐτῶν,
506 3756 589 3819 quae
619 3756 684 3802 non
715 3734 913 3819 quadrarent
940 3735 1034 3821 juxta
1063 3735 1221 3821 pluralem
1244 3736 1404 3812 δύνωνται.

193 3848 217 3942 ξ
248 3851 280 3916 2.
311 3849 403 3936 Vulg.
435 3853 465 3923 ἐς
495 3853 546 3928 τὴν
575 3853 790 3939 navarram,
824 3865 846 3918 Β
877 3859 953 3939 post
979 3856 1007 3927 ἐς
1030 3854 1144 3921 inserit
1165 3880 1218 3941 τε,
1242 3859 1332 3941 quod
1360 3885 1428 3934 non

149 3976 199 4038 est
222 3969 310 4056 apud
333 3969 471 4037 Vallem.
496 3970 535 4037 cf.
559 3992 586 4038 c.
614 3974 653 4037 11
678 3971 703 4064 ξ
727 3974 758 4041 2.

193 4087 274 4156 Ibid.
297 4088 392 4175 Vulg.
416 4089 613 4156 διέπλευσε
637 4091 685 4156 τὸν
707 4091 849 4176 Εὔριπον,
874 4103 896 4158 Β
921 4092 1167 4165 troarnense.
1192 4091 1307 4166 Valla:
1335 4102 1428 4182 „Sub

184 4342 212 4413 l)
230 4344 355 4400 mnemon.
374 4345 510 4402 v111297.
