3098 4988
803 185 815 222 t

812 347 835 414 4

192 584 313 662 ἕοοτοῦ,
350 585 550 653 transitivum
590 591 696 652 autem
736 584 1001 670 significationem
1042 585 1068 650 si
1103 583 1278 668 intellegis,
1314 587 1459 668 praestat

194 699 381 771 Vaticanus.
1181 772 1186 783 ,
1501 791 1504 799 Ι

237 820 315 913 §4
339 824 430 911 Vulg.
460 828 501 909 τῷ
531 828 642 911 λιμένι,
674 829 760 908 Buri
790 827 947 906 aspare
977 827 1080 903 λιμένι.
1115 824 1225 892 Valla:
1253 825 1307 906 „in
1331 830 1464 911 portum

191 942 384 1032 mopnam’'.
422 944 503 1023 Quia
535 946 628 1014 Valla
660 946 852 1031 „magnum”
884 945 999 1013 litteris
1032 945 1189 1029 expressit
1222 944 1374 1021 cursivis,
1410 963 1463 1010 se·
1491 922 1546 1041 lt}

193 1063 318 1149 quitur,
342 1065 375 1130 ni
398 1064 511 1167 fallor,
536 1072 572 1132 ut
593 1066 782 1134 vocabulum
805 1067 884 1133 illud
909 1066 948 1132 ab
973 1086 1011 1132 eo
1035 1085 1091 1131 suo
1109 1068 1210 1130 marte
1227 1084 1299 1130 esse
1316 1063 1463 1130 additum
1489 1044 1491 1047 ⁵

194 1183 369 1250 credamus.
418 1183 507 1262 Quod
539 1185 572 1250 in
596 1197 618 1250 Β
641 1186 769 1267 μεγάλῳ
796 1191 957 1271 superest,
988 1203 1194 1268 nequaquam
1218 1182 1293 1248 hinc
1322 1185 1467 1248 statuen-

194 1301 268 1366 dum
302 1307 352 1368 est
386 1303 541 1388 optimum
577 1304 693 1371 librum
729 1304 893 1389 propriam
927 1300 1122 1389 Thucydidis
1157 1321 1288 1367 manum
1324 1299 1465 1380 referre;

68 1481 69 1485 ,
194 1421 340 1505 equidem
364 1421 473 1505 potius
496 1421 625 1503 μεγάλῳ
646 1422 812 1489 tribuerim
829 1422 1018 1506 correctori,
1042 1421 1097 1505 qui
1121 1418 1272 1487 Scholion
1293 1421 1467 1488 consuluit.

195 1538 319 1606 Revera
352 1539 391 1605 dc
426 1539 548 1625 majore
582 1540 677 1607 modo
713 1547 809 1625 portu
840 1561 1017 1654 sermonem
1049 1561 1118 1607 esse
1151 1560 1245 1624 posse
1276 1540 1391 1606 docent
1424 1541 1465 1620 6,

197 1659 277 1738 102,
302 1659 331 1724 3.
356 1659 387 1745 7,
410 1657 449 1737 4,
472 1658 505 1722 4.

184 1911 186 1913 ’
239 1894 317 1981 (lap.
340 1897 362 1961 4
384 1895 408 1987 g
431 1897 462 1962 4.
486 1896 579 1980 Vulg.
612 1897 818 1974 ἕπογωγόος
850 1898 1027 1971 ποιήσεσθαι.
1062 1908 1084 1960 Β
1115 1897 1378 1973 ἕοοοοοοογωγοὶς.
1416 1894 1467 1962 Ex

195 2015 297 2114 Valla
312 2015 392 2082 nihil
414 2016 529 2102 liquet.

130 2114 133 2119 Ι
238 2132 317 2223 §b
342 2136 434 2222 Vulg.
465 2137 505 2204 rol
536 2143 628 2202 πλοῖοο
660 2136 711 2214 ἤδη
743 2139 804 2202 ἐκεῖ
832 2137 872 2201 τοὶ
902 2134 1030 2214 μεγάλοι
1060 2132 1167 2216 ὥρμει
1199 2135 1249 2217 acl
1280 2136 1311 2199 οοὶ
1338 2141 1466 2215 razelae

195 2263 275 2331 νῆες,
311 2260 414 2336 recte,
450 2259 486 2320 ut
522 2254 614 2322 Valla
649 2276 796 2341 quoque:
834 2276 950 2337 „naves
973 2275 1109 2339 magnae
1132 2254 1255 2339 pariter
1277 2275 1315 2349 ac
1337 2253 1466 2322 veloces

118 2380 119 2383 ’
191 2374 259 2459 jam
292 2373 332 2438 in
367 2373 546 2440 statione
582 2371 779 2460 agebant''
826 2386 847 2439 Β
882 2373 1020 2456 ὠρμίζετο
1054 2373 1141 2458 quod
1175 2373 1304 2458 Poppo,
1339 2372 1395 2456 qui
1428 2373 1465 2438 in
1516 2396 1520 2402 ·

194 2498 325 2560 auctore
363 2498 472 2560 nostro
511 2492 731 2579 cognoscendo
769 2493 908 2559 mirabili
947 2493 1052 2559 studio
1087 2498 1137 2559 est
1170 2497 1332 2590 versatus,
1373 2486 1466 2586 hisce

194 2609 327 2678 refellit:
366 2611 457 2695 ,Vct
490 2616 522 2678 et
544 2610 576 2677 H
598 2611 751 2699 ὡρμίζεοο,
782 2613 888 2696 aptius
918 2612 970 2678 hic
1002 2617 1052 2679 est
1081 2612 1119 2680 ia
1146 2611 1284 2708 statione
1310 2631 1462 2690 manere,
1532 2629 1538 2644 '

193 2730 281 2815 quod
304 2732 460 2816 superiori
476 2733 612 2814 ἐφορμεῖν
628 2740 661 2799 et
676 2732 880 2800 antecedenti
896 2732 985 2796 ἔκειτο
1001 2732 1190 2817 respondet,
1207 2751 1303 2815 quam
1320 2730 1465 2819 appelli,

194 2850 321 2919 intrare
342 2849 549 2919 statioaem''.

238 2967 318 3058 §a
341 2969 432 3056 Vulg.
465 2970 733 3052 διεφθείροντο,
767 2984 789 3037 Β
820 2972 852 3036 οἱ
887 2971 1017 3038 πολλοὶ
1042 2969 1309 3053 διεφθείροντο,
1332 2969 1465 3053 quoda

195 3087 290 3155 Valla
321 3087 500 3157 stabilitur:
539 3088 702 3174 ,plerique
734 3087 1019 3157 conficiebantur''.
1065 3086 1239 3155 Classenus
1262 3087 1342 3153 miro
1367 3086 1464 3154 modo

194 3207 316 3274 veriam
345 3207 514 3274 lectionem
537 3207 692 3294 neglexit3
724 3206 835 3293 Poppo
850 3208 875 3291 ¹)
901 3210 1008 3273 autem
1031 3209 1128 3290 negat
1150 3205 1174 3269 οἱ
1198 3204 1299 3269 πολλοὶ
1322 3204 1465 3288 genuina

195 3346 263 3393 esse
286 3323 399 3392 rerba:
426 3325 489 3407 „ht
511 3345 575 3390 non
601 3346 710 3392 omnes
733 3330 850 3393 nautas
874 3325 1023 3411 periisse,
1055 3323 1201 3390 sicutne
1225 3322 1372 3389 exierunt
1394 3322 1466 3408 qui·

195 3445 266 3513 dem
298 3466 407 3512 omnes
436 3445 610 3534 lignatum,
638 3447 764 3515 etiamsi
791 3468 855 3514 non
878 3446 973 3514 claris
997 3446 1101 3514 verbis
1124 3445 1257 3530 dicitur,
1281 3465 1322 3510 ex
1344 3449 1465 3512 natura

194 3565 242 3631 rei
264 3564 359 3633 facile
381 3564 582 3650 intelligitur,
605 3569 641 3631 ut
663 3565 722 3632 tali
745 3565 966 3632 additamento
982 3565 1120 3633 libenter
1136 3560 1334 3631 careamus''.
1360 3561 1466 3640 Quam

195 3682 357 3769 Popponis
391 3683 571 3768 opinionem
606 3683 793 3769 probarem,
826 3685 853 3750 si
884 3685 908 3749 oi
940 3683 1042 3749 πολλοὶ
1077 3682 1235 3750 indicaret
1264 3702 1327 3747 non
1352 3702 1466 3749 omnes

196 3809 313 3870 nautas
336 3801 486 3886 periisse,
511 3802 598 3887 quod
621 3809 728 3870 tamen
750 3824 860 3870 verum
883 3824 947 3870 non
971 3809 1029 3870 est.
1064 3803 1172 3870 Verba
1195 3803 1219 3868 oi
1244 3800 1345 3867 rotari
1369 3800 1466 3887 longe

195 3920 292 3986 aliam
316 3918 580 4005 significationem
604 3921 761 4007 praebent
786 3922 982 3989 sententiae:
1016 3921 1141 4006 quoties
1164 3919 1320 4005 lignatum
1343 3924 1465 3988 nautae

195 4039 385 4125 prodibant,
415 4060 480 4105 non
511 4039 606 4124 pauci
633 4040 690 4107 sed
713 4041 835 4127 majore
858 4062 916 4126 pro
939 4045 1031 4125 parte
1055 4038 1097 4106 ab
1121 4039 1268 4107 hostibus
1291 4036 1465 4106 interficie-

195 4158 329 4245 bantur,
362 4161 559 4243 quepropter
587 4157 726 4242 scriptor
744 4158 818 4244 jure
840 4156 935 4224 docet
956 4157 1030 4224 inde
1054 4156 1096 4224 eb
1119 4156 1347 4242 hoctempore
1369 4177 1465 4241 prae·

228 4430 257 4499 l)
274 4429 405 4494 Popponis
422 4443 484 4496 pars
501 4429 528 4479 11
546 4429 595 4480 rol.
614 4428 625 4478 l
642 4443 700 4494 pag.
717 4427 759 4478 43.
