3098 4988
748 363 792 429 42

138 621 177 665 zu
208 598 280 664 dem
311 598 368 665 Vb.
400 599 588 677 ἕποβησοοταο
619 599 652 664 in
684 604 832 668 aisserer
862 599 1060 686 Beziehung,
1086 601 1168 668 doch
1190 623 1252 668 nur
1274 602 1308 667 in
1331 602 1407 670 dem

137 717 346 804 allgemeinen
381 718 494 784 Sinne:
533 719 618 803 „und
650 741 684 786 es
714 719 792 788 wind
823 719 970 786 dadurch
1002 742 1045 787 an
1072 721 1159 788 Bord
1190 722 1262 787 eine
1292 721 1409 808 Menge

137 837 311 904 Mensohen
346 858 530 905 zusammen
564 839 749 908 kommen”.
794 841 875 906 Dem
910 839 1000 922 ὄχλος
1038 841 1116 908 aber
1158 840 1308 908 schliesst
1339 840 1408 908 sich

137 956 195 1021 der
225 955 472 1042 zweiglieden'ge
504 956 698 1025 Relativsatz
729 979 790 1042 an,
822 979 862 1024 nu
893 957 1008 1026 dessen
1039 958 1179 1026 zweitem
1209 957 1323 1026 Gliede
1346 980 1406 1026 aus

136 1074 210 1141 dem
240 1068 261 1156 ᾧ
291 1074 348 1140 des
379 1079 485 1141 ersten
516 1075 574 1142 der
604 1074 786 1141 Nominatir
818 1072 847 1146 ὃς
880 1097 919 1142 zu
949 1079 1110 1161 ergttngen
1140 1077 1182 1143 ist
1205 1077 1279 1162 (vgl.
1304 1099 1344 1144 zu
1370 1081 1406 1166 1,

45 1241 48 1246 -
138 1195 196 1272 10,
220 1197 278 1283 3.).
312 1194 370 1260 Bei
402 1193 506 1262 dieser
537 1191 774 1261 unzweifelhaft
797 1193 955 1278 richtigen
979 1193 1255 1281 Satzverbindung
1280 1217 1406 1266 wareo

136 1314 213 1381 aber
247 1313 377 1399 niithig‚
414 1317 495 1379 statt
517 1312 574 1379 des
596 1312 694 1378 kaum
717 1333 754 1378 zu
778 1311 992 1379 erkliirenden
1015 1311 1200 1394 πρόσφορα
1221 1335 1262 1381 zu
1285 1314 1406 1383 schrei-

135 1432 197 1500 ben
225 1431 437 1512 πρόσφοροςε
474 1431 532 1517 vgl.
556 1430 627 1497 eine
650 1429 798 1497 'athuliche
822 1430 1080 1517 Verschreibung
1101 1433 1159 1498 der
1181 1433 1322 1520 Endung
1349 1435 1406 1502 des

135 1551 207 1638 Adj.
232 1553 271 1638 3,
296 1553 357 1630 53,
382 1551 436 1617 2”.
460 1551 606 1618 Classeni
629 1548 886 1618 emendationem
908 1550 1090 1617 testimonio
1107 1549 1276 1618 confirmat
1292 1552 1404 1620 Valla:

135 1669 217 1736 Nam
249 1669 408 1753 sagittarii
437 1668 588 1753 permulti
618 1675 715 1753 atque
742 1668 939 1754 jaculatores
969 1669 1003 1733 in
1034 1687 1131 1735 naves
1155 1669 1349 1751 ascendent,
1373 1676 1405 1737 et

134 1793 246 1855 tanta
268 1789 458 1854 hominum
482 1786 707 1866 multitudo,
730 1792 871 1872 quanta,
896 1791 1077 1872 pugnantes
1101 1786 1229 1870 quidem
1253 1788 1287 1853 in
1301 1789 1405 1855 libero

134 1906 233 1992 mari,
258 1927 321 1972 non
345 1912 506 1973 uteremur
629 1905 686 1972 sed
709 1905 761 1971 hic
784 1903 921 1972 futura
948 1910 1008 1972 est
1030 1905 1142 1973 utilis
1166 1905 1259 1991 sqq'’.

179 2025 254 2107 53.
287 2023 375 2110 Vulg.
409 2023 528 2105 ηὕρηται
562 2024 586 2089 δ’
610 2027 679 2101 η’μῑο
712 2021 777 2089 ὅσα
811 2027 858 2099 μὴ
888 2025 1254 2109 οέντοοαυτηγεΐσθαο,
1288 2023 1405 2108 quibus

136 2143 240 2210 verbis
263 2143 412 2211 inanibus
429 2145 574 2211 medetur
589 2144 616 2209 B
632 2143 750 2224 ηὕρηται
767 2144 791 2208 δ’
810 2149 878 2221 ἡμῖν
892 2143 956 2208 ὅσα
979 2145 1048 2224 χρη
1070 2145 1404 2223 οέητοοαυπηγῆσαο.

136 2260 188 2328 Sic
219 2262 315 2329 etiam
347 2263 458 2331 Valla:
496 2263 774 2350 „Excogitavimue
805 2268 973 2348 praeterea
1004 2262 1070 2329 alia
1097 2283 1181 2346 quae
1212 2263 1246 2328 in
1270 2263 1403 2365 navibus

137 2379 339 2449 aedificanda
369 2381 493 2449 forent’‘
516 2383 579 2448 nisi
602 2382 701 2463 forte,
732 2388 768 2449 ut
790 2387 884 2468 putat
906 2381 1037 2466 Poppo‚
1062 2381 1141 2448 satis
1164 2388 1241 2466 apte
1265 2403 1286 2447 a
1308 2380 1404 2448 Valla

135 2498 232 2565 etiam
255 2522 314 2584 pro
336 2500 392 2566 ὅσα
415 2501 582 2587 legebatur
604 2500 688 2566 ἄλλα
711 2526 745 2566 τε
767 2499 839 2578 ὅσα,
870 2499 957 2583 quod
980 2497 1213 2566 Herwerdenus
1227 2499 1263 2565 in
1278 2505 1404 2567 textum

136 2618 266 2702 recepit.

179 2739 254 2818 53.
285 2731 360 2819 ᾧπερ
390 2737 526 2811 μάλιστα
557 2736 790 2823 arsamosata,
823 2737 938 2803 Bnon
970 2735 1134 2821 eleganter
1166 2735 1404 2811 anteactarum

135 2852 213 2938 legit
242 2854 292 2939 δη,
317 2853 407 2920 ouius
433 2853 612 2938 particulae
636 2854 804 2939 vestigium
829 2859 975 2938 superest
999 2853 1121 2919 nullum
1145 2853 1232 2938 apud
1256 2853 1404 2940 Vallum,

135 2973 190 3056 qui
211 2973 246 3037 in
268 2972 387 3039 talibus
411 2993 476 3038 non
498 2993 616 3057 magna
640 2993 711 3038 oum
736 2972 900 3057 diligentia
922 2977 972 3038 eet
994 2977 1151 3039 versatus.

180 3092 255 3173 54.
287 3090 377 3175 Vulg.
407 3099 459 3166 τῆς
483 3099 540 3168 γῆς
661 3091 806 3168 πολεμίας
829 3090 943 3166 οὔσης.
989 3090 1122 3157 Praeter
1144 3089 1229 3165 οὔσης
1252 3091 1281 3156 Β
1304 3090 1403 3158 etiam

136 3206 266 3274 exhibet
295 3208 500 3293 participium
531 3207 674 3276 futurum
704 3209 889 3294 ἐσομένης,
923 3209 1010 3292 quod
1034 3209 1129 3275 Valla
1152 3229 1282 3293 quoque
1305 3208 1403 3278 vidit:

140 3347 257 3410 „quum
280 3330 367 3391 terra
389 3325 500 3391 futura
523 3327 566 3392 sit
588 3325 739 3392 hostilis''.
782 3325 890 3392 Habet
914 3325 1036 3410 aliquid
1059 3346 1123 3410 quc
1147 3347 1180 3393 se
1203 3327 1406 3394 commendet

137 3444 289 3522 ἐσομένηςε
317 3443 483 3524 „omnibus
506 3443 626 3510 viribus
649 3452 810 3511 certamen
833 3444 966 3526 ineatis,
992 3446 1096 3529 inquit
1122 3444 1248 3532 Nicias,
1273 3466 1407 3515 necesse

138 3572 204 3643 est,
236 3567 269 3628 et
302 3567 339 3628 ut
369 3583 472 3647 neque
504 3562 566 3648 ipsi
596 3562 637 3628 ab
668 3563 776 3629 hostili
808 3563 910 3629 classe
933 3563 1130 3647 resiliamus,
1160 3584 1265 3648 neque
1289 3565 1364 3633 illos
1388 3588 1407 3634 a

137 3687 249 3748 nostra
282 3681 404 3747 resilire
439 3682 678 3767 permittamus,
713 3682 773 3748 hoc
808 3681 900 3748 nobis
935 3682 1012 3748 utile
1047 3703 1119 3749 esse
1148 3687 1293 3767 constat,
1330 3686 1408 3772 quia

137 3820 338 3884 quocumque
362 3799 538 3886 effugeritis
560 3802 593 3869 in
617 3801 766 3869 hostilem
789 3801 951 3886 regionem
974 3801 1105 3868 venietis
1124 3804 1159 3888 ¹).

183 4037 289 4123 Caput
311 4039 354 4104 63
385 4043 405 4122 5
433 4041 460 4106 1.
493 4038 586 4123 Vulg.
619 4039 677 4121 χρη
793 4038 997 4118 ξυμπεσούσης
1029 4038 1071 4113 νηὶ
1102 4040 1169 4111 νεὼς
1199 4039 1242 4117 μη
1273 4041 1409 4124 πρότερον

138 4155 236 4235 ἄξιον
269 4156 447 4224 ἀπολύεσθαι
484 4159 500 4235 ἢ
535 4161 600 4232 τοὺς
635 4159 696 4224 otri
730 4166 780 4226 τοῦ
814 4158 954 4237 πολεμίου
988 4157 1241 4239 καταστρώματος
1278 4161 1409 4237 ὁπλίτας

172 4427 201 4493 l)
218 4428 251 4479 ol.
268 4442 290 4478 c.
307 4425 341 4478 63
358 4427 371 4491 5
388 4427 401 4476 l
421 4433 470 4490 χρὴ
486 4423 520 4488 μη
537 4423 676 4491 ἐξωθεῖσθαι
693 4430 718 4484 ἐς
735 4423 822 4482 αὐτην.
