3098 4988
687 326 730 405 69

72 577 139 654 μὲν
173 581 189 654 ἦ
219 576 386 657 ξυμμαχία
416 573 491 651 αὕτη
523 575 647 655 ἐγένετο.
693 575 801 642 Verba
829 575 910 641 κατα
941 580 1042 641 ταῦτα
1069 574 1251 641 necessaria
1277 594 1343 639 nen

73 717 146 763 esse
170 697 287 762 donent
309 696 372 762 loni
395 693 522 778 gemelli
545 715 572 760 e.
598 695 639 759 37
663 692 688 784 ξ
711 695 732 758 5
756 698 788 760 et
811 715 838 759 e.
863 693 906 758 58
929 691 954 782 ᾗ
975 694 1007 761 4.

119 930 225 1019 caput
241 933 282 998 19
305 930 376 1022 §L
400 931 491 1017 Vulg.
514 933 595 1010 μετὰ
619 931 808 1011 δὲταῦτα,
833 943 855 997 Β
879 936 992 996 τοῦτο.
1015 928 1111 996 Valla
1136 928 1296 1014 „postea”

118 1054 192 1136 52.
226 1050 317 1119 Libri
347 1052 482 1127 ἐλθούσης
620 1051 772 1130 οίμνελίας
800 1054 898 1123 αὐτοῖς
922 1050 1068 1114 danubrii
1091 1048 1192 1122 πτίλον,
1217 1049 1275 1114 καί
1300 1047 1343 1113 ὅτι

74 1173 226 1252 Ἀμίρννς
249 1173 404 1255 ταρίτταν.
429 1172 523 1240 Valla
548 1171 656 1239 omisit
679 1173 748 1256 καί,
764 1172 851 1256 quod
867 1170 1044 1238 sententiae
1061 1174 1205 1238 tenorem
1220 1167 1341 1236 turbat.

120 1410 228 1495 Caput
251 1410 303 1476 20.
338 1409 429 1496 Vulg.
452 1405 527 1493 ᾧπερ
551 1410 685 1488 ἐγίγνετο
710 1410 761 1486 ἤδη
784 1412 872 1475 adra
895 1411 912 1485 ἡ
933 1409 1127 1490 ναυαρχία.
1173 1407 1254 1475 Cum
1276 1428 1342 1474 non

72 1531 136 1596 nisi
159 1530 199 1597 de
223 1530 335 1598 classis
358 1529 494 1615 imperio
518 1528 577 1597 liat
600 1550 722 1611 sermo,
746 1528 877 1596 dubium
899 1533 1002 1596 restat
1016 1528 1156 1609 nullum,
1180 1528 1258 1612 quin
1273 1527 1340 1595 vul·

72 1656 152 1736 gata
175 1669 283 1715 veram
307 1648 457 1716 exhibeat
481 1649 695 1733 scripturam,
719 1667 802 1731 quae
825 1647 922 1714 etiam
946 1646 1079 1714 aValla
1102 1651 1152 1715 est
1168 1666 1339 1740 expressa:

76 1791 194 1855 „penes
226 1790 321 1854 quem
348 1771 416 1856 jann
449 1774 533 1837 esset
560 1788 684 1836 summa
706 1767 753 1833 rei
776 1763 929 1833 navalis.’'
975 1767 1020 1833 Ut
1041 1786 1140 1851 supra
1163 1762 1297 1854 e.12§
1320 1764 1342 1829 4

73 1889 155 1954 miro
189 1889 284 1956 modo
319 1910 377 1973 pro
412 1892 478 1958 νεῶν
509 1886 536 1951 Β
567 1885 691 1953 rettulit
721 1885 890 1965 Ἀθηναίων,
922 1883 1028 1951 neseio
1059 1904 1123 1968 quo
1155 1889 1251 1968 paeto
1281 1903 1341 1967 pro

74 2007 224 2088 ναυαρχίαι
255 2012 365 2076 nostro
396 2008 467 2074 loeo
500 2006 580 2073 dixit
609 2005 810 2087 ναυμαχία.
832 2087 836 2094 ᾗ
857 2003 940 2072 Oave
970 2024 1011 2069 ne
1042 2008 1137 2089 putes
1160 2001 1201 2068 de
1225 2000 1341 2068 calami

74 2146 200 2204 errore;
233 2125 326 2209 quasi
357 2125 440 2192 enim
475 2125 515 2190 de
548 2124 707 2191 industria
740 2123 860 2191 factum
895 2122 954 2204 sit,
988 2127 1039 2190 ter
1077 2122 1241 2208 scriptoris
1272 2142 1341 2188 ma·

74 2265 150 2308 num
183 2243 385 2328 inquinatam
411 2241 588 2310 invenimus
614 2241 649 2306 in
675 2241 787 2308 eodem
815 2240 969 2308 vocabulo
996 2242 1165 2322 ναυμαχία.
1193 2240 1247 2328 (el.
1278 2242 1340 2322 33,

75 2363 104 2428 a
130 2362 190 2443 39,
217 2363 261 2448 1).

120 2598 225 2684 Caput
247 2601 375 2681 2151.
399 2598 491 2683 Vulg.
514 2598 527 2661 ὅ
550 2598 639 2676 δῆμος
765 2601 793 2673 ἐς
817 2600 974 2672 διακοσίους
1098 2606 1165 2667 τῶν
1187 2601 1341 2668 δυνατῶν

73 2720 246 2803 ατίμτεννε;
279 2731 300 2784 Β
332 2723 396 2784 τῶν
427 2718 702 2796 δυνατωτάτους
726 2719 952 2805 superlativum
976 2717 1163 2806 Classenus,
1188 2721 1275 2804 quod
1297 2721 1340 2788 ad

74 2844 218 2905 nostrum
240 2837 363 2914 locum,
388 2837 514 2923 egregie
537 2836 697 2903 defendit:
733 2840 808 2917 ,τῶν
838 2837 1046 2904 δυνατωτάτων
1075 2836 1161 2904 habe
1191 2837 1244 2905 ieh
1279 2860 1340 2906 aus

73 2956 146 3024 Vat.
179 2955 231 3020 liir
254 2961 309 3021 τῶν
333 2955 459 3047 δυνατῶν
482 2954 726 3039 anigenommen
748 2954 815 3021 und
838 2955 919 3022 eben
943 2976 979 3023 so
1003 2977 1029 3022 ο.
1052 2955 1112 3034 48,
1138 2958 1156 3022 1
1180 2978 1210 3022 ιι.
1234 2957 1295 3036 63,
1319 2958 1339 3023 3

73 3078 97 3143 τί
121 3075 328 3142 δυνατώτατον.
365 3075 414 3139 An
437 3073 547 3140 diesen
571 3074 692 3141 Stellen
707 3073 835 3140 werden
852 3074 903 3140 die
920 3074 1175 3159 angeseheusten
1191 3075 1258 3141 und
1273 3075 1340 3142 ein·
1365 3070 1367 3074 '

75 3193 316 3262 flussreichsten
340 3193 475 3259 Mtinner
498 3193 556 3259 der
578 3192 685 3260 Partei
700 3192 978 3278 hervorgehoben,
1001 3193 1058 3260 wie
1074 3194 1157 3261 aueh
1175 3196 1204 3272 1,
1223 3194 1301 3277 115,
1317 3196 1339 3260 4

73 3314 230 3381 ebenfalls
264 3312 322 3379 aul
351 3310 491 3379 Sames.''
534 3312 691 3379 Vaticano
718 3311 878 3378 consentit
903 3311 996 3379 Valla
1020 3312 1091 3398 qui,
1118 3314 1217 3398 paulo
1241 3335 1340 3399 supra

72 3440 199 3501 vertens
229 3440 288 3506 τοῖς
319 3433 448 3503 δυνατοῖς
481 3453 540 3517 per
571 3429 773 3516 „primnres’',
806 3435 916 3498 nostro
945 3431 1016 3498 loeo
1038 3432 1268 3517 interpretatus
1292 3438 1341 3501 est

74 3553 233 3634 „maxime
256 3548 433 3636 potentes'',
461 3550 546 3617 unde
570 3571 643 3617 eum
666 3550 783 3617 vidisse
806 3549 1034 3635 superlativum
1059 3557 1204 3637 apparet.

118 3671 199 3738 Ibid„
234 3671 327 3755 Vulg.
362 3672 560 3751 τετρακοσίους
595 3671 624 3735 δὲ
657 3677 744 3753 <puppi
775 3669 974 3752 ζημιώσαντες
1006 3671 1056 3736 καί
1088 3671 1169 3737 αὐτοὶ
1200 3674 1252 3747 τὴν
1282 3681 1340 3750 γῆν

71 3794 169 3858 αὐτῶν
200 3792 249 3856 καί
281 3793 370 3862 οίκίας
404 3791 579 3868 νειμάμενος.
625 3790 764 3856 Bhisus
788 3789 879 3855 addit
901 3798 1053 3876 κατεῖχον,
1078 3791 1165 3874 quod
1189 3812 1267 3858 sane
1290 3792 1338 3857 in·

71 3910 238 3978 transitive
273 3916 464 3994 usurpatum
495 3909 581 3976 haud
612 3907 778 3994 displicet,
814 3908 875 3975 etsi
907 3909 1003 3976 etiam
1034 3909 1189 3977 vocabulo
1221 3911 1338 3977 omisso

72 4029 252 4097 sententiae
274 4035 419 4096 tenorem
442 4050 507 4097 non
523 4029 619 4096 eredo
634 4027 827 4114 perturbari.
852 4027 915 4095 Sed
932 4029 1073 4096 dandum
1089 4037 1139 4097 est
1154 4050 1219 4097 non
1233 4029 1337 4113 illepi-

70 4150 149 4216 dum
179 4169 250 4216 esse
281 4147 553 4224 additamentum,
586 4146 637 4214 eui
667 4167 733 4212 una
764 4146 858 4214 modo
889 4167 942 4214 res
967 4147 1136 4232 quominus
1159 4146 1338 4232 Thucydidi

69 4268 234 4336 tribuatur
257 4266 373 4334 obstat
413 4265 495 4344 Quid
518 4266 602 4332 enim
627 4269 676 4334 est
697 4273 838 4347 κατεῖχον
861 4265 924 4333 nisi
949 4266 1137 4352 „imperium
1159 4264 1336 4333 tenebant”

69 4387 121 4465 vel
154 4387 286 4472 „urbem
309 4383 503 4472 regebant”?
541 4385 632 4466 Quod
655 4406 727 4454 eum
741 4385 797 4455 ‚ita
819 4387 878 4466 sit,
903 4407 996 4453 nemo
1020 4386 1151 4476 dixerit,
1176 4387 1253 4475 quid
1276 4384 1338 4453 sibi

984 4584 991 4619 ί
