3098 4988
827 312 870 378 56

256 542 333 634 §d
364 544 459 630 Vulg.
489 541 565 624 εὖρον
691 546 830 628 Quaeris
861 571 928 612 οονοο
1050 546 1296 629 ἅποτεοχίζουοοοο
1330 549 1379 613 aa)
1409 551 1483 614 οὶπο-

213 667 393 744 στοουροῦσοον
425 662 473 727 τὸν
503 663 596 742 πόρον.
642 676 664 729 Β
689 688 722 728 τε
742 669 818 731 ante
840 666 890 730 κοοὶ
914 665 1044 750 inserit3
1068 685 1134 750 qua
1157 666 1197 732 de
1220 665 1381 751 partious
1405 667 1485 733 nihil

213 780 308 849 docet
358 779 469 847 Valla:
508 779 697 862 „offendunt
841 783 1004 851 custodias
1162 783 1366 870 obsepientes
1400 784 1484 851 rada

215 901 444 970 munitionibus
468 923 507 970 ac
529 902 641 970 vallo''.

258 1140 363 1227 Caput
387 1141 428 1207 81
452 1139 477 1230 ξ
500 1142 532 1206 2.
564 1139 655 1226 Vulg.
680 1144 767 1207 recte
789 1138 875 1217 τότε,
900 1152 922 1205 Β
946 1165 988 1206 τε.

256 1260 337 1327 Ibid.
371 1259 461 1346 Vulg.
502 1259 552 1326 aori
582 1261 606 1325 oi
637 1261 731 1334 ἱππῆς
762 1264 817 1324 τῶν
849 1260 1028 1341 Συρακοσίων
1058 1261 1230 1326 ἐκυκλοῦντό
1263 1287 1298 1327 τε
1331 1263 1399 1347 ῥᾷον
1428 1266 1484 1329 ροῦ-

212 1381 295 1466 roba,
331 1379 406 1460 dlxx
439 1379 472 1453 aa
505 1377 608 1457 ὄντος,
646 1378 694 1442 aa)
729 1376 852 1456 ξυνῆγον
887 1379 916 1450 ἐς
954 1381 1063 1457 τοῦτο,
1102 1390 1124 1443 Β
1163 1379 1281 1445 omittit
1323 1381 1482 1465 copulam.

212 1497 306 1565 Valla
338 1496 619 1580 „circumdatoque
651 1497 816 1583 equitatu,
844 1517 899 1564 eos
925 1495 959 1562 in
982 1496 1068 1564 idem
1090 1496 1153 1564 loci
1177 1501 1310 1585 urgent,
1338 1518 1376 1566 eo
1403 1498 1484 1567 faci-

212 1616 274 1683 lius
306 1615 392 1700 quod
422 1615 571 1683 bifariam
603 1616 695 1683 divisi
722 1616 792 1702 jam
823 1612 945 1682 erant’'.
987 1615 1138 1682 Perverse
1161 1615 1189 1681 B
1212 1635 1341 1700 quoque
1364 1638 1425 1702 pro
1448 1619 1482 1694 bi

213 1734 343 1801 exhibet
364 1734 425 1811 ἤδη.

256 1851 281 1943 ξ
316 1854 347 1918 3.
383 1853 476 1938 Vulg.
507 1853 539 1919 τὸ
574 1853 604 1918 δὲ
637 1853 738 1919 Νικίου
773 1853 947 1934 στράτευμα
981 1855 1109 1934 ἀπεῖχεν
1143 1856 1172 1918 ἐν
1205 1856 1245 1935 τῷ
1281 1856 1402 1938 πρόσθεν
1432 1855 1483 1920 aa>

212 1972 444 2048 πεντήκοντα
474 1971 616 2043 σταδίους.
646 1983 669 2036 Β
699 1978 732 2039 et
762 1970 857 2038 Valla
891 1990 1056 2037 numerum
1091 1972 1222 2039 ἑκατὸν
1256 1974 1318 2038 uoci
1350 1974 1482 2049 πεντή-

212 2113 323 2155 norro
357 2089 487 2157 habent.
534 2089 618 2157 Sane
649 2089 790 2156 dandum
821 2095 871 2155 est
900 2088 1077 2157 editoribus
1109 2110 1174 2158 non
1201 2095 1269 2157 tam
1291 2089 1387 2160 facile
1410 2091 1483 2159 fieri

214 2208 372 2293 potuisse,
406 2213 442 2274 ut
472 2228 538 2273 una
567 2213 661 2275 nocte
691 2213 783 2274 tanto
819 2213 945 2275 centum
975 2213 1009 2275 et
1038 2207 1272 2293 quinquaginta
1303 2209 1482 2277 stadiorum

211 2326 378 2393 intervallo
410 2325 649 2394 Atheniensium
681 2326 778 2393 duces
809 2347 830 2392 a
860 2345 895 2392 se
928 2326 1062 2394 invicem
1096 2334 1334 2413 separarentur.
1380 2329 1481 2414 Equi-

213 2444 286 2512 dem
318 2446 395 2529 quia
425 2442 601 2511 Vaticanus
632 2449 665 2510 et
694 2443 788 2510 Valla
819 2443 1023 2511 consentiunt
1048 2444 1088 2510 de
1112 2446 1297 2532 corruptela
1319 2446 1383 2514 loci
1406 2468 1481 2532 gra·

211 2564 298 2630 viore
321 2561 435 2648 cogito.

255 2681 336 2747 Ibid.
366 2680 458 2767 Vulg.
488 2681 595 2746 θοῖσσόν
618 2705 651 2744 τε
674 2680 733 2762 γὰρ
756 2680 769 2744 ὁ
793 2680 898 2753 Νικίας
922 2678 994 2760 ἦγε,
1019 2680 1137 2763 νομίζων
1159 2685 1191 2749 οὐ
1213 2683 1247 2748 τὸ
1275 2684 1434 2764 ὑπομένεινΙ
1451 2688 1481 2751 ἐν

210 2803 251 2882 τῷ
280 2801 397 2881 τοιούτῳ
426 2799 544 2872 ἑκόντος
575 2795 646 2863 εἶναι
677 2800 726 2864 aa>
754 2800 907 2881 ροοὶχεσθοοι
931 2801 1129 2886 σωτηρίαν,
1154 2813 1176 2866 Β
1199 2800 1277 2886 legit
1301 2805 1435 2885 σωτήριον
1459 2826 1481 2871 a

211 2941 308 2986 manu
338 2920 457 3005 priore,
481 2917 585 3003 quod,
617 2917 779 2986 abstracto
802 2919 941 3004 dictum,
965 2918 1156 3004 elegantiam
1181 2922 1335 2988 sermonis
1360 2930 1479 3007 auget,

210 3038 361 3123 quodque
393 3037 489 3105 Valla
512 3038 659 3105 existimo
682 3039 877 3124 exprimere:
904 3037 1007 3120 „Nam
1029 3038 1138 3106 Nicias
1162 3060 1259 3125 ocyus
1283 3060 1359 3107 suos
1383 3041 1479 3108 duce-

210 3157 304 3245 bat„
320 3157 505 3225 existimans
547 3158 677 3225 minime
716 3160 899 3228 salutare
934 3179 1004 3226 esse
1043 3159 1102 3226 tali
1135 3160 1170 3225 in
1205 3167 1350 3246 tempore
1389 3161 1477 3229 ultro

215 3277 379 3359 „cunctari
402 3282 435 3343 et
458 3276 641 3343 dimicare”.
676 3277 877 3363 Quamquam
901 3277 1042 3359 σωτηρίαν
1066 3276 1230 3344 stabilitur
1251 3277 1273 3344 1.
1296 3279 1333 3360 6,
1358 3279 1421 3359 60,
1438 3283 1479 3360 3;

210 3396 257 3464 ibi
280 3403 387 3464 autem
410 3395 505 3463 Valla
528 3396 626 3464 etiam
649 3395 850 3463 substantivo
875 3417 951 3463 usus
975 3403 1025 3463 est
1031 3447 1041 3481 ,
1065 3396 1150 3463 unde
1175 3418 1246 3464 eum
1270 3405 1381 3466 nostro
1405 3400 1477 3468 loeo

211 3518 401 3605 adjectivum
425 3517 541 3584 vidisse
563 3517 630 3584 iere
654 3516 857 3584 statuendum
880 3523 939 3585 est.

255 3637 280 3729 ξ
302 3639 333 3705 4.
356 3638 450 3726 Vulg.
477 3641 505 3704 ἐν
529 3637 603 3719 πόνῳ
618 3662 662 3703 τε.
685 3636 866 3716 Particula,
890 3637 940 3704 cui
954 3637 1044 3705 locus
1061 3637 1168 3705 nullus
1185 3645 1251 3725 est,
1276 3640 1476 3727 atestino,

211 3778 314 3844 neque
345 3757 431 3842 apud
463 3755 588 3822 Vallam
618 3755 777 3822 invenitur
810 3756 1060 3837 „Demosthenes
1087 3763 1193 3825 autem
1218 3760 1386 3847 multiplici
1408 3763 1475 3831 ire·

146 3899 149 3904 ·
211 3877 383 3964 quantique
406 3876 507 3961 magis
529 3875 640 3944 labore
661 3875 894 3962 implicebatur.

255 3996 337 4064 Ibid.
362 3994 453 4080 Vulg.
478 3996 578 4077 πολλῷ
602 3995 710 4076 θορύβῳ
735 3994 823 4068 οὗτος
839 4020 873 4061 τε
888 3994 938 4061 καὶ
953 3996 978 4060 οἱ
993 3999 1063 4076 μετ’
1080 3999 1170 4063 αὐτοῦ
1187 4001 1328 4076 Ἀθηναῖοι
1343 3997 1435 4084 airam
1452 4019 1474 4071 Β

207 4118 280 4203 jure
296 4122 372 4183 ante
387 4116 488 4195 πολλῷ
503 4113 616 4180 inserit
631 4114 676 4194 ἐν,
701 4112 741 4179 de
757 4134 823 4198 qua
838 4114 1033 4180 correctione
1046 4115 1133 4200 apud
1148 4115 1275 4184 Vallam
1290 4125 1475 4191 necessario
1530 4209 1533 4214 ¹

209 4235 290 4302 nihil
312 4239 456 4321 apparet
478 4233 553 4300 Fuit
576 4233 774 4320 Kruegerus,
802 4234 857 4317 qui
880 4235 1023 4310 Ἀθηναῖοι
1047 4232 1140 4301 obelo
1156 4237 1294 4325 notavit,
1320 4260 1392 4307 cum
1410 4262 1478 4310 non

212 4355 272 4421 soli
295 4354 505 4421 Athenienses
530 4375 601 4420 cum
625 4353 839 4422 Demosthene
861 4357 976 4420 essent
999 4351 1169 4421 Molestum
1187 4375 1265 4422 sane
1281 4358 1473 4429 vocabulum
