3098 4988
689 349 732 413 75

117 582 196 674 §2
233 583 323 669 Vulg.
362 586 375 648 ό
406 585 465 664 γὰρ
497 584 654 664 Θηραμένης
688 587 722 649 οὐ
748 585 893 664 ναύαρχος
918 585 971 669 ὤν,
997 585 1043 649 sic
1067 583 1177 650 Valla:
1214 601 1341 666 quoque

76 703 302 784 „Therimenss
337 702 421 767 enim
455 722 553 786 quum
584 723 647 768 non
678 708 763 768 esset
794 703 864 786 ipse
897 701 989 767 dux''.
1036 701 1186 768 Vaticani
1223 701 1341 766 οὐκέτι

76 841 140 887 non
164 819 320 903 quadrat,
344 820 420 903 quia
444 825 476 884 et
498 826 595 884 antea
619 819 683 885 dux
707 841 771 886 non
795 819 900 885 fuerat
923 818 1144 897 Therimeues,
1168 823 1204 883 ut
1226 819 1342 884 docent

74 939 243 1023 sequentia
272 939 343 1000 ἀλλ’
376 937 531 1016 Ἀστνόχῳ
562 938 739 1016 παραδοῦναι
771 939 827 1008 τας
858 943 926 1008 ναῦς
957 935 1125 1012 Sapuates.
1168 935 1207 1001 of.
1244 937 1342 1002 etiam

75 1078 104 1125 c.
131 1057 173 1121 26
197 1052 221 1142 ξ
246 1056 275 1119 1.

120 1173 200 1240 Ibid.
234 1172 326 1257 Vulg.
362 1175 390 1245 ἐς
421 1174 480 1252 γαρ
510 1172 596 1237 πέντε
631 1180 699 1245 ναῦς
724 1175 772 1238 καὶ
800 1175 980 1250 πεντήκοντα
1003 1174 1070 1251 τρία
1093 1173 1231 1238 τάλαντα
1256 1172 1343 1237 ἐδίδου

76 1300 128 1359 τοῦ
151 1290 237 1370 αννός
259 1290 370 1356 Valla:
397 1312 492 1376 „uam
507 1291 649 1376 quinque
665 1299 698 1358 et
714 1293 947 1377 quinquaginta
963 1291 1096 1357 navibus
1112 1295 1205 1355 terna
1222 1289 1345 1354 talenta
1409 1287 1412 1294 ⁴

76 1413 109 1477 in
142 1411 282 1495 singulos
315 1430 441 1476 menses
473 1408 604 1476 dabat’'.
651 1412 828 1496 Madvigius
860 1411 1053 1478 Meiboomio
1086 1418 1261 1495 praeeunte
1284 1429 1343 1493 pro

76 1531 141 1608 τρία
166 1534 252 1595 recte
276 1528 405 1610 scripsit
427 1528 590 1605 τρνάκοντα.
630 1530 668 1594 In
692 1538 842 1614 promptu
865 1537 914 1598 est
937 1531 1065 1596 minime
1089 1552 1161 1595 cum
1184 1529 1210 1594 Β
1234 1550 1343 1594 nume-

76 1648 144 1714 rale
169 1667 283 1713 nomen
308 1646 484 1711 desiderari
506 1667 609 1731 posse.
634 1647 771 1734 Locum,
796 1650 851 1733 qui
872 1655 922 1715 est
939 1670 978 1715 ex
994 1648 1202 1734 difficillimis,
1222 1648 1345 1732 egregie

77 1766 258 1832 enucleavit
301 1765 348 1830 vir
387 1765 582 1831 clarissimus
617 1765 780 1844 Naberus,
815 1769 870 1851 qui
905 1773 980 1832 ante
1012 1768 1099 1832 πλέον
1130 1767 1265 1832 inseruit
1295 1768 1344 1843 οὐ,

82 1907 180 1970 quam
211 1886 414 1969 negationem
446 1884 508 1948 nisi
538 1885 746 1968 recipiamus,
779 1884 958 1950 sententiae
989 1882 1177 1969 significatio
1201 1905 1264 1950 non
1288 1904 1345 1967 ap-

78 2010 172 2090 paret
189 2006 227 2090 l).

123 2240 229 2324 Caput
253 2240 295 2305 30
318 2235 342 2327 ξ
368 2239 396 2302 1.
428 2236 520 2322 Vulg.
550 2242 611 2303 Ταῦ
634 2238 659 2302 δ’
683 2240 774 2303 αὐτοῦ
797 2244 938 2319 χειμῶνες
962 2247 1021 2312 ταῖς
1148 2240 1345 2312 Ἀόνςναόννς

78 2356 376 2442 τροσαΦνγμὲναν
399 2355 458 2433 yolo
482 2351 555 2428 ἦσαν
682 2366 744 2432 νῆες
866 2359 914 2423 καὶ
938 2360 1098 2440 στρατηγοὶ
1222 2358 1270 2422 καὶ
1291 2360 1346 2430 ταὶς

80 2480 138 2546 snt
170 2477 237 2543 Xlov
372 2473 593 2552 ξυναγαγόντες
625 2476 776 2553 ἐβούλοντο
906 2481 1051 2560 ἐφορμεῖν.
1098 2477 1204 2543 Minus
1227 2478 1347 2543 usitata

78 2598 182 2662 forma
215 2594 399 2661 anacoluthi
430 2594 529 2660 multo
561 2594 694 2677 praebet
724 2596 866 2662 veritatis
898 2598 1050 2682 majorem
1081 2596 1219 2680 speciem
1250 2616 1346 2679 quam

77 2714 212 2797 simplex
235 2710 446 2778 nominativus
470 2712 494 2775 οἱ
508 2759 516 2776 .
530 2762 555 2776 ..
571 2760 577 2775 .
603 2715 761 2799 Ἀθηναῖοι,
787 2713 890 2796 quiin
906 2713 932 2778 B
950 2713 1120 2779 correctori
1137 2718 1185 2778 est
1201 2712 1344 2777 tribuen-

78 2832 161 2897 dum.
208 2830 278 2896 Hoc
310 2830 407 2895 etiam
431 2826 517 2895 valet
540 2828 579 2894 de
601 2828 749 2895 Vaticani
772 2832 1062 2913 opocarpatum,
1090 2830 1176 2913 quod
1200 2827 1342 2894 Stahlius

77 2969 143 3028 non
165 2947 288 3032 recepit
310 2947 344 3011 in
366 2951 497 3012 textum.
522 2944 647 3012 Vallam
670 2947 749 3012 nihil
774 2949 925 3013 miramur
948 2947 1164 3015 anacoluthon
1187 2947 1220 3011 in
1235 2946 1344 3011 latinis

79 3065 266 3147 sustulisse,
290 3083 444 3149 eumque,
468 3063 555 3148 quod
577 3064 619 3129 ad
635 3065 839 3147 participium
856 3065 990 3149 attinet,
1008 3086 1079 3130 cum
1094 3063 1224 3148 vulgata
1239 3062 1346 3129 facere

77 3185 235 3251 videmus:
262 3203 380 3266 „quum
404 3181 588 3248 advenisset
609 3181 686 3247 illuc
710 3203 727 3246 e
751 3183 844 3247 domo
869 3182 982 3247 classis
1006 3180 1098 3247 alia”.

122 3302 203 3368 Ibid.
233 3300 325 3386 Vulg.
357 3300 459 3373 τόσας
483 3302 530 3365 καὶ
556 3301 612 3372 τὰς
635 3301 752 3385 ἄλλας,
777 3312 798 3364 Β
822 3300 871 3364 καὶ
895 3301 951 3373 τας
975 3298 1074 3372 ἄλλας
1098 3300 1199 3372 τόσας
1226 3299 1345 3384 majore

78 3441 149 3487 cum
185 3421 301 3506 specie.
336 3419 465 3486 Vadas:
504 3419 697 3498 „contractis
733 3423 765 3484 et
795 3440 816 3485 a
847 3417 926 3484 chio
958 3425 991 3484 et
1024 3418 1153 3484 aliunde
1178 3416 1345 3500 navibus'’,

78 3541 209 3607 liberius
232 3545 368 3607 vertens.

122 3665 141 3743 ξ
167 3662 196 3725 2.
220 3659 313 3743 Vulg.
338 3663 392 3723 τῶν
416 3659 444 3730 ἐς
470 3659 602 3733 Μίλητον
626 3657 761 3723 ἐλθόντων
780 3659 883 3737 χιλίων
900 3658 1023 3723 ότλντῶν
1040 3657 1123 3736 μέρος
1138 3655 1262 3735 όγαγό
1269 3680 1343 3727 ντες

80 3779 106 3841 ἐν
139 3771 238 3842 ναυσὶν
272 3778 491 3852 ότλνταγωγοῖς
524 3775 570 3839 ἐπὶ
605 3775 670 3839 Χίον
699 3774 879 3855 λαχόντες
912 3773 1023 3838 ἔπλεον.
1070 3773 1096 3836 Β
1128 3772 1177 3839 bis
1201 3775 1234 3838 in
1255 3772 1344 3838 hisce

80 3878 216 3980 peccat.¹
236 3893 345 3959 Refert
376 3894 461 3959 enim
491 3915 550 3978 pro
580 3894 767 3973 ἀγαγόντες,
800 3895 851 3959 cui
873 3893 1012 3961 fortasse
1035 3893 1157 3972 ἄγοντες
1181 3896 1343 3979 praestat,

80 4013 290 4086 ότνλντόντες,
325 4012 411 4095 quod
434 4012 604 4079 manifesto
629 4018 750 4098 pugnat
774 4034 844 4078 oum
869 4019 1037 4094 contextu,
1061 4018 1093 4079 et
1114 4033 1173 4096 pro
1196 4009 1343 4090 λαχόντες

86 4235 328 4244 -.——--—-—-

112 4396 139 4461 l)
157 4399 189 4449 ci.
207 4356 384 4460 Mnemosyne.
403 4393 533 4446 vol.le
552 4409 609 4458 pag.
628 4393 685 4444 427.
