<?xml version="1.0" encoding="UTF-8"?>
<!DOCTYPE html PUBLIC "-//W3C//DTD XHTML 1.0 Transitional//EN"
    "http://www.w3.org/TR/xhtml1/DTD/xhtml1-transitional.dtd">
<html xmlns="http://www.w3.org/1999/xhtml" xml:lang="en" lang="en">
 <head>
  <title>
</title>
<meta http-equiv="Content-Type" content="text/html;charset=utf-8" />
  <meta name='ocr-system' content='tesseract 3.04.00' />
  <meta name='ocr-capabilities' content='ocr_page ocr_carea ocr_par ocr_line ocrx_word'/>
</head>
<body>
  <div class='ocr_page' id='page_1' title='image "./dethucydidisvat00vallgoog_0055.png"; bbox 0 0 3098 4988; ppageno 0'>
   <div class='ocr_carea' id='block_1_1' title="bbox 682 338 726 406">
    <p class='ocr_par' dir='ltr' id='par_1_1' title="bbox 682 338 726 406">
     <span class='ocr_line' id='line_1_1' title="bbox 682 338 726 406; baseline -0.023 0"><span class='ocrx_word' id='word_1_1' title='bbox 682 338 726 406; x_wconf 83' lang='lat'><strong>35</strong></span> 
     </span>
    </p>
   </div>
   <div class='ocr_carea' id='block_1_2' title="bbox 52 572 1334 4113">
    <p class='ocr_par' dir='ltr' id='par_1_2' title="bbox 53 572 1333 1264">
     <span class='ocr_line' id='line_1_2' title="bbox 53 572 1332 665; baseline -0.009 -18"><span class='ocrx_word' id='word_1_2' title='bbox 53 585 160 665; x_wconf 70' lang='grc' dir='ltr'><em>πολλῷ</em></span> <span class='ocrx_word' id='word_1_3' title='bbox 190 583 309 660; x_wconf 67' lang='grc' dir='ltr'><em>μᾶλλον</em></span> <span class='ocrx_word' id='word_1_4' title='bbox 339 579 575 662; x_wconf 68' lang='grc' dir='ltr'><em>ἐγηγερμένον</em></span> <span class='ocrx_word' id='word_1_5' title='bbox 607 576 698 662; x_wconf 76' lang='grc' dir='ltr'><em>ἦσαν,</em></span> <span class='ocrx_word' id='word_1_6' title='bbox 722 591 744 644; x_wconf 92' lang='grc' dir='ltr'><strong>Β</strong></span> <span class='ocrx_word' id='word_1_7' title='bbox 768 577 927 657; x_wconf 75' lang='grc' dir='ltr'><strong>ἐπηρμένοι.</strong></span> <span class='ocrx_word' id='word_1_8' title='bbox 975 574 1087 642; x_wconf 85' lang='lat' dir='ltr'><strong>Valla:</strong></span> <span class='ocrx_word' id='word_1_9' title='bbox 1114 572 1332 660; x_wconf 85' lang='lat' dir='ltr'><strong>„Syracusani</strong></span> 
     </span>
     <span class='ocr_line' id='line_1_3' title="bbox 54 691 1327 787; baseline -0.009 -17"><span class='ocrx_word' id='word_1_10' title='bbox 54 705 187 787; x_wconf 87' lang='lat' dir='ltr'><strong>autem,</strong></span> <span class='ocrx_word' id='word_1_11' title='bbox 221 700 283 768; x_wconf 91' lang='lat' dir='ltr'><strong>hoc</strong></span> <span class='ocrx_word' id='word_1_12' title='bbox 316 705 470 786; x_wconf 88' lang='lat' dir='ltr'><strong>percepto</strong></span> <span class='ocrx_word' id='word_1_13' title='bbox 505 705 538 766; x_wconf 92' lang='lat' dir='ltr'><strong>et</strong></span> <span class='ocrx_word' id='word_1_14' title='bbox 571 699 635 785; x_wconf 92' lang='lat' dir='ltr'><strong>ipsi</strong></span> <span class='ocrx_word' id='word_1_15' title='bbox 667 703 758 765; x_wconf 93' lang='lat' dir='ltr'><strong>tanto</strong></span> <span class='ocrx_word' id='word_1_16' title='bbox 791 695 1006 783; x_wconf 75' lang='lat' dir='ltr'><strong>promptiores</strong></span> <span class='ocrx_word' id='word_1_17' title='bbox 1040 691 1262 760; x_wconf 86' lang='lat' dir='ltr'><strong>efficiebantur</strong></span> <span class='ocrx_word' id='word_1_18' title='bbox 1285 691 1327 759; x_wconf 91' lang='lat' dir='ltr'><strong>ad</strong></span> 
     </span>
     <span class='ocr_line' id='line_1_4' title="bbox 54 809 1330 905; baseline -0.009 -17"><span class='ocrx_word' id='word_1_19' title='bbox 54 820 187 888; x_wconf 87' lang='lat' dir='ltr'><strong>illorum</strong></span> <span class='ocrx_word' id='word_1_20' title='bbox 221 819 332 904; x_wconf 81' lang='lat' dir='ltr'><strong>fugam</strong></span> <span class='ocrx_word' id='word_1_21' title='bbox 366 816 630 905; x_wconf 87' lang='lat' dir='ltr'><strong>prohibendam.&#39;’</strong></span> <span class='ocrx_word' id='word_1_22' title='bbox 673 815 789 901; x_wconf 86' lang='lat' dir='ltr'><strong>Valla,</strong></span> <span class='ocrx_word' id='word_1_23' title='bbox 827 815 861 881; x_wconf 95' lang='lat' dir='ltr'><strong>ni</strong></span> <span class='ocrx_word' id='word_1_24' title='bbox 887 813 1000 899; x_wconf 85' lang='lat' dir='ltr'><strong>fallor,</strong></span> <span class='ocrx_word' id='word_1_25' title='bbox 1028 817 1156 880; x_wconf 89' lang='lat' dir='ltr'><strong>secutus</strong></span> <span class='ocrx_word' id='word_1_26' title='bbox 1183 815 1233 879; x_wconf 92' lang='lat' dir='ltr'><strong>est</strong></span> <span class='ocrx_word' id='word_1_27' title='bbox 1260 809 1330 876; x_wconf 82' lang='lat' dir='ltr'><strong>vul-</strong></span> 
     </span>
     <span class='ocr_line' id='line_1_5' title="bbox 54 936 1333 1027; baseline -0.008 -20"><span class='ocrx_word' id='word_1_28' title='bbox 54 945 178 1027; x_wconf 80' lang='lat' dir='ltr'><strong>gatam,</strong></span> <span class='ocrx_word' id='word_1_29' title='bbox 224 937 355 1006; x_wconf 88' lang='lat' dir='ltr'><strong>Variam</strong></span> <span class='ocrx_word' id='word_1_30' title='bbox 394 938 564 1004; x_wconf 87' lang='lat' dir='ltr'><strong>lectionem</strong></span> <span class='ocrx_word' id='word_1_31' title='bbox 604 958 643 1003; x_wconf 91' lang='lat' dir='ltr'><strong>ex</strong></span> <span class='ocrx_word' id='word_1_32' title='bbox 682 937 966 1020; x_wconf 88' lang='lat' dir='ltr'><strong>interpretamento</strong></span> <span class='ocrx_word' id='word_1_33' title='bbox 997 938 1101 999; x_wconf 88' lang='lat' dir='ltr'><strong>ortam</strong></span> <span class='ocrx_word' id='word_1_34' title='bbox 1134 951 1204 998; x_wconf 89' lang='lat' dir='ltr'><strong>esse</strong></span> <span class='ocrx_word' id='word_1_35' title='bbox 1234 936 1333 1015; x_wconf 88' lang='lat' dir='ltr'><strong>puto,</strong></span> 
     </span>
     <span class='ocr_line' id='line_1_6' title="bbox 54 1051 1332 1145; baseline -0.009 -18"><span class='ocrx_word' id='word_1_36' title='bbox 54 1059 156 1145; x_wconf 86' lang='lat' dir='ltr'><strong>idque</strong></span> <span class='ocrx_word' id='word_1_37' title='bbox 179 1063 216 1125; x_wconf 91' lang='lat' dir='ltr'><strong>ut</strong></span> <span class='ocrx_word' id='word_1_38' title='bbox 238 1057 384 1144; x_wconf 88' lang='lat' dir='ltr'><strong>credam,</strong></span> <span class='ocrx_word' id='word_1_39' title='bbox 408 1056 487 1123; x_wconf 86' lang='lat' dir='ltr'><strong>facit</strong></span> <span class='ocrx_word' id='word_1_40' title='bbox 502 1056 583 1123; x_wconf 86' lang='lat' dir='ltr'><strong>liber</strong></span> <span class='ocrx_word' id='word_1_41' title='bbox 600 1054 840 1141; x_wconf 82' lang='lat' dir='ltr'>Lugdunensis,</span> <span class='ocrx_word' id='word_1_42' title='bbox 858 1055 891 1120; x_wconf 91' lang='lat' dir='ltr'><strong>in</strong></span> <span class='ocrx_word' id='word_1_43' title='bbox 907 1071 973 1138; x_wconf 85' lang='lat' dir='ltr'><strong>quo</strong></span> <span class='ocrx_word' id='word_1_44' title='bbox 989 1051 1140 1135; x_wconf 72' lang='grc' dir='ltr'><em>ἐπηρμένοι</em></span> <span class='ocrx_word' id='word_1_45' title='bbox 1155 1055 1204 1118; x_wconf 92' lang='lat' dir='ltr'><strong>est</strong></span> <span class='ocrx_word' id='word_1_46' title='bbox 1220 1071 1332 1136; x_wconf 90' lang='lat' dir='ltr'><strong>super-</strong></span> 
     </span>
     <span class='ocr_line' id='line_1_7' title="bbox 58 1178 225 1264; baseline -0.036 -16"><span class='ocrx_word' id='word_1_47' title='bbox 58 1178 225 1264; x_wconf 85' lang='lat' dir='ltr'><strong>scriptum.</strong></span> 
     </span>
    </p>

    <p class='ocr_par' dir='ltr' id='par_1_3' title="bbox 59 1285 1331 1617">
     <span class='ocr_line' id='line_1_8' title="bbox 104 1285 1331 1380; baseline -0.009 -18"><span class='ocrx_word' id='word_1_48' title='bbox 104 1294 190 1362; x_wconf 87' lang='lat' dir='ltr'><strong>Ibid.</strong></span> <span class='ocrx_word' id='word_1_49' title='bbox 221 1294 315 1380; x_wconf 81' lang='lat' dir='ltr'><strong>Vulg.</strong></span> <span class='ocrx_word' id='word_1_50' title='bbox 347 1296 384 1367; x_wconf 72' lang='lat' dir='ltr'><strong>oio</strong></span> <span class='ocrx_word' id='word_1_51' title='bbox 410 1295 460 1360; x_wconf 80' lang='grc' dir='ltr'><strong>καὶ</strong></span> <span class='ocrx_word' id='word_1_52' title='bbox 492 1297 588 1362; x_wconf 78' lang='grc' dir='ltr'><em>αὐτῶν</em></span> <span class='ocrx_word' id='word_1_53' title='bbox 617 1293 844 1372; x_wconf 74' lang='grc' dir='ltr'><em>κατεγνωκόσαν</em></span> <span class='ocrx_word' id='word_1_54' title='bbox 867 1293 918 1368; x_wconf 70' lang='grc' dir='ltr'><strong>ἤδη</strong></span> <span class='ocrx_word' id='word_1_55' title='bbox 942 1291 1047 1372; x_wconf 77' lang='grc' dir='ltr'><strong><em>μκκέπι</em></strong></span> <span class='ocrx_word' id='word_1_56' title='bbox 1071 1290 1234 1374; x_wconf 71' lang='grc' dir='ltr'><strong><em>κρεισσόνων</em></strong></span> <span class='ocrx_word' id='word_1_57' title='bbox 1258 1285 1331 1357; x_wconf 75' lang='grc' dir='ltr'><em>εἶναι</em></span> 
     </span>
     <span class='ocr_line' id='line_1_9' title="bbox 59 1409 1331 1498; baseline -0.003 -17"><span class='ocrx_word' id='word_1_58' title='bbox 59 1419 177 1498; x_wconf 82' lang='grc' dir='ltr'><em>σφῶν,</em></span> <span class='ocrx_word' id='word_1_59' title='bbox 201 1425 223 1479; x_wconf 87' lang='grc' dir='ltr'><strong>Β</strong></span> <span class='ocrx_word' id='word_1_60' title='bbox 247 1417 345 1495; x_wconf 79' lang='grc' dir='ltr'><em>σφῶν</em></span> <span class='ocrx_word' id='word_1_61' title='bbox 366 1436 409 1478; x_wconf 84' lang='grc' dir='ltr'><strong>σε.</strong></span> <span class='ocrx_word' id='word_1_62' title='bbox 448 1409 603 1497; x_wconf 80' lang='grc' dir='ltr'><strong>ΟοριιΙαοι</strong></span> <span class='ocrx_word' id='word_1_63' title='bbox 625 1432 775 1496; x_wconf 76' lang='lat' dir='ltr'><strong>perverse</strong></span> <span class='ocrx_word' id='word_1_64' title='bbox 797 1411 952 1478; x_wconf 88' lang='lat' dir='ltr'><strong>insertam</strong></span> <span class='ocrx_word' id='word_1_65' title='bbox 977 1432 1081 1497; x_wconf 86' lang='lat' dir='ltr'><strong>neque</strong></span> <span class='ocrx_word' id='word_1_66' title='bbox 1098 1411 1139 1479; x_wconf 88' lang='lat' dir='ltr'><strong>ab</strong></span> <span class='ocrx_word' id='word_1_67' title='bbox 1155 1411 1331 1494; x_wconf 80' lang='lat' dir='ltr'><strong>interprete</strong></span> 
     </span>
     <span class='ocr_line' id='line_1_10' title="bbox 59 1529 713 1617; baseline -0.008 -17"><span class='ocrx_word' id='word_1_68' title='bbox 59 1532 127 1601; x_wconf 91' lang='lat' dir='ltr'><strong>ullo</strong></span> <span class='ocrx_word' id='word_1_69' title='bbox 149 1530 321 1617; x_wconf 86' lang='lat' dir='ltr'><strong>probatam</strong></span> <span class='ocrx_word' id='word_1_70' title='bbox 344 1551 409 1597; x_wconf 90' lang='lat' dir='ltr'><strong>non</strong></span> <span class='ocrx_word' id='word_1_71' title='bbox 431 1530 590 1616; x_wconf 76' lang='lat' dir='ltr'><strong>expressit</strong></span> <span class='ocrx_word' id='word_1_72' title='bbox 611 1529 713 1596; x_wconf 91' lang='lat' dir='ltr'><strong>Valla.</strong></span> 
     </span>
    </p>

    <p class='ocr_par' dir='ltr' id='par_1_4' title="bbox 52 1649 1334 4113">
     <span class='ocr_line' id='line_1_11' title="bbox 104 1649 1331 1743; baseline -0.003 -25"><span class='ocrx_word' id='word_1_73' title='bbox 104 1655 131 1743; x_wconf 63' lang='grc' dir='ltr'><em>ξ</em></span> <span class='ocrx_word' id='word_1_74' title='bbox 166 1654 197 1720; x_wconf 82' lang='lat'><strong>2.</strong></span> <span class='ocrx_word' id='word_1_75' title='bbox 233 1652 326 1738; x_wconf 78' lang='lat' dir='ltr'><strong>Vulg.</strong></span> <span class='ocrx_word' id='word_1_76' title='bbox 359 1658 393 1720; x_wconf 87' lang='lat' dir='ltr'><strong>et</strong></span> <span class='ocrx_word' id='word_1_77' title='bbox 425 1652 461 1719; x_wconf 94' lang='lat' dir='ltr'><strong>B.</strong></span> <span class='ocrx_word' id='word_1_78' title='bbox 495 1653 552 1725; x_wconf 74' lang='lat' dir='ltr'><strong>cdo</strong></span> <span class='ocrx_word' id='word_1_79' title='bbox 578 1650 625 1719; x_wconf 86' lang='grc' dir='ltr'><strong>οὖν</strong></span> <span class='ocrx_word' id='word_1_80' title='bbox 647 1659 717 1726; x_wconf 79' lang='grc' dir='ltr'><em>ναῦς</em></span> <span class='ocrx_word' id='word_1_81' title='bbox 740 1652 879 1732; x_wconf 71' lang='grc' dir='ltr'><em>ἐπλήρουν</em></span> <span class='ocrx_word' id='word_1_82' title='bbox 902 1651 952 1717; x_wconf 74' lang='grc' dir='ltr'><strong>καὶ</strong></span> <span class='ocrx_word' id='word_1_83' title='bbox 976 1651 1199 1717; x_wconf 68' lang='grc' dir='ltr'><em>ἀνεπαύοντο</em></span> <span class='ocrx_word' id='word_1_84' title='bbox 1222 1649 1331 1730; x_wconf 76' lang='grc' dir='ltr'><em>ἡμέρας</em></span> 
     </span>
     <span class='ocr_line' id='line_1_12' title="bbox 60 1768 1334 1856; baseline -0.003 -18"><span class='ocrx_word' id='word_1_85' title='bbox 60 1769 126 1838; x_wconf 71' lang='grc' dir='ltr'><strong>ὅσαι</strong></span> <span class='ocrx_word' id='word_1_86' title='bbox 161 1773 262 1845; x_wconf 80' lang='grc' dir='ltr'><em>αὐτοῖς</em></span> <span class='ocrx_word' id='word_1_87' title='bbox 297 1772 406 1839; x_wconf 73' lang='grc' dir='ltr'><em>ἐδόκουν</em></span> <span class='ocrx_word' id='word_1_88' title='bbox 440 1773 538 1838; x_wconf 77' lang='grc' dir='ltr'><em>ἱκαναὶ</em></span> <span class='ocrx_word' id='word_1_89' title='bbox 574 1768 656 1841; x_wconf 81' lang='grc' dir='ltr'><em>εἶναι.</em></span> <span class='ocrx_word' id='word_1_90' title='bbox 703 1770 814 1838; x_wconf 82' lang='lat' dir='ltr'><strong>Valla:</strong></span> <span class='ocrx_word' id='word_1_91' title='bbox 854 1771 989 1856; x_wconf 84' lang='lat' dir='ltr'><strong>„Itaque</strong></span> <span class='ocrx_word' id='word_1_92' title='bbox 1020 1791 1118 1838; x_wconf 82' lang='lat' dir='ltr'><strong>naves</strong></span> <span class='ocrx_word' id='word_1_93' title='bbox 1140 1769 1275 1854; x_wconf 89' lang='lat' dir='ltr'><strong>implent</strong></span> <span class='ocrx_word' id='word_1_94' title='bbox 1300 1774 1334 1834; x_wconf 89' lang='lat' dir='ltr'><strong>et</strong></span> 
     </span>
     <span class='ocr_line' id='line_1_13' title="bbox 61 1886 1331 1978; baseline -0.006 -18"><span class='ocrx_word' id='word_1_95' title='bbox 61 1891 188 1976; x_wconf 81' lang='lat' dir='ltr'><strong>aliquot</strong></span> <span class='ocrx_word' id='word_1_96' title='bbox 219 1892 304 1973; x_wconf 87' lang='lat' dir='ltr'><strong>dios,</strong></span> <span class='ocrx_word' id='word_1_97' title='bbox 334 1898 414 1977; x_wconf 86' lang='lat' dir='ltr'><strong>quot</strong></span> <span class='ocrx_word' id='word_1_98' title='bbox 444 1892 522 1959; x_wconf 88' lang='lat' dir='ltr'><strong>satis</strong></span> <span class='ocrx_word' id='word_1_99' title='bbox 553 1912 624 1959; x_wconf 91' lang='lat' dir='ltr'><strong>esse</strong></span> <span class='ocrx_word' id='word_1_100' title='bbox 653 1892 712 1959; x_wconf 83' lang='lat' dir='ltr'><strong>visi</strong></span> <span class='ocrx_word' id='word_1_101' title='bbox 740 1896 833 1978; x_wconf 89' lang='lat' dir='ltr'><strong>sunt,</strong></span> <span class='ocrx_word' id='word_1_102' title='bbox 858 1886 1116 1976; x_wconf 87' lang='lat' dir='ltr'><strong>conquiescunt.’&#39;</strong></span> <span class='ocrx_word' id='word_1_103' title='bbox 1164 1887 1257 1956; x_wconf 90' lang='lat' dir='ltr'><strong>Solus</strong></span> <span class='ocrx_word' id='word_1_104' title='bbox 1281 1891 1331 1954; x_wconf 91' lang='lat' dir='ltr'><strong>est</strong></span> 
     </span>
     <span class='ocr_line' id='line_1_14' title="bbox 60 2007 1332 2098; baseline -0.004 -21"><span class='ocrx_word' id='word_1_105' title='bbox 60 2011 144 2078; x_wconf 89' lang='lat' dir='ltr'><strong>liber</strong></span> <span class='ocrx_word' id='word_1_106' title='bbox 173 2010 274 2078; x_wconf 84' lang='lat' dir='ltr'><strong>Italus</strong></span> <span class='ocrx_word' id='word_1_107' title='bbox 305 2011 375 2098; x_wconf 81' lang='lat' dir='ltr'>(A),</span> <span class='ocrx_word' id='word_1_108' title='bbox 406 2011 463 2095; x_wconf 90' lang='lat' dir='ltr'><strong>qui</strong></span> <span class='ocrx_word' id='word_1_109' title='bbox 493 2010 628 2095; x_wconf 89' lang='lat' dir='ltr'><strong>protulit</strong></span> <span class='ocrx_word' id='word_1_110' title='bbox 650 2013 834 2092; x_wconf 79' lang='grc' dir='ltr'><em>οὶνεπειρῶνπο</em></span> <span class='ocrx_word' id='word_1_111' title='bbox 859 2009 900 2076; x_wconf 88' lang='lat' dir='ltr'><strong>ab</strong></span> <span class='ocrx_word' id='word_1_112' title='bbox 925 2008 1100 2076; x_wconf 82' lang='lat' dir='ltr'><strong>editoribus</strong></span> <span class='ocrx_word' id='word_1_113' title='bbox 1123 2007 1208 2093; x_wconf 85' lang='lat' dir='ltr'><strong>quod</strong></span> <span class='ocrx_word' id='word_1_114' title='bbox 1233 2007 1332 2073; x_wconf 91' lang='lat' dir='ltr'><strong>sciam</strong></span> 
     </span>
     <span class='ocr_line' id='line_1_15' title="bbox 62 2125 1333 2216; baseline -0.005 -18"><span class='ocrx_word' id='word_1_115' title='bbox 62 2128 210 2198; x_wconf 91' lang='lat' dir='ltr'><strong>omnibus</strong></span> <span class='ocrx_word' id='word_1_116' title='bbox 243 2136 417 2216; x_wconf 88' lang='lat' dir='ltr'><strong>receptum.</strong></span> <span class='ocrx_word' id='word_1_117' title='bbox 464 2129 622 2215; x_wconf 82' lang='lat' dir='ltr'><strong>Equidem</strong></span> <span class='ocrx_word' id='word_1_118' title='bbox 655 2127 753 2214; x_wconf 91' lang='lat' dir='ltr'><strong>paulo</strong></span> <span class='ocrx_word' id='word_1_119' title='bbox 787 2127 937 2195; x_wconf 91' lang='lat' dir='ltr'><strong>temerius</strong></span> <span class='ocrx_word' id='word_1_120' title='bbox 960 2125 1119 2194; x_wconf 88' lang='lat' dir='ltr'><strong>librorum</strong></span> <span class='ocrx_word' id='word_1_121' title='bbox 1143 2145 1333 2193; x_wconf 91' lang='lat' dir='ltr'><strong>consensum</strong></span> 
     </span>
     <span class='ocr_line' id='line_1_16' title="bbox 62 2244 1332 2333; baseline -0.002 -19"><span class='ocrx_word' id='word_1_122' title='bbox 62 2251 207 2333; x_wconf 90' lang='lat' dir='ltr'><strong>spretum</strong></span> <span class='ocrx_word' id='word_1_123' title='bbox 236 2267 306 2315; x_wconf 89' lang='lat' dir='ltr'><strong>esse</strong></span> <span class='ocrx_word' id='word_1_124' title='bbox 338 2247 481 2314; x_wconf 86' lang='lat' dir='ltr'><strong>dixerim.</strong></span> <span class='ocrx_word' id='word_1_125' title='bbox 527 2247 648 2327; x_wconf 84' lang='lat' dir='ltr'><strong>Quibus</strong></span> <span class='ocrx_word' id='word_1_126' title='bbox 679 2247 763 2313; x_wconf 93' lang='lat' dir='ltr'><strong>enim</strong></span> <span class='ocrx_word' id='word_1_127' title='bbox 793 2246 992 2332; x_wconf 78' lang='lat' dir='ltr'><strong>argumentis</strong></span> <span class='ocrx_word' id='word_1_128' title='bbox 1022 2246 1123 2313; x_wconf 89' lang='lat' dir='ltr'><strong>Italus</strong></span> <span class='ocrx_word' id='word_1_129' title='bbox 1154 2244 1332 2332; x_wconf 76' lang='lat' dir='ltr'><strong>probatur?</strong></span> 
     </span>
     <span class='ocr_line' id='line_1_17' title="bbox 62 2363 1331 2452; baseline -0.001 -20"><span class='ocrx_word' id='word_1_130' title='bbox 62 2364 147 2432; x_wconf 84' lang='lat' dir='ltr'><strong>Audi</strong></span> <span class='ocrx_word' id='word_1_131' title='bbox 171 2364 375 2433; x_wconf 81' lang='lat' dir='ltr'><strong>Classenum:</strong></span> <span class='ocrx_word' id='word_1_132' title='bbox 402 2364 478 2447; x_wconf 72' lang='lat' dir='ltr'><strong>„reio</strong></span> <span class='ocrx_word' id='word_1_133' title='bbox 501 2371 571 2438; x_wconf 81' lang='grc' dir='ltr'><em>ναῦς</em></span> <span class='ocrx_word' id='word_1_134' title='bbox 595 2366 733 2446; x_wconf 73' lang='grc' dir='ltr'><em>ἐπλήρουν</em></span> <span class='ocrx_word' id='word_1_135' title='bbox 756 2363 806 2430; x_wconf 76' lang='grc' dir='ltr'><strong>καὶ</strong></span> <span class='ocrx_word' id='word_1_136' title='bbox 828 2366 1015 2443; x_wconf 74' lang='grc' dir='ltr'><em>οὶνεπειρῶνπο</em></span> <span class='ocrx_word' id='word_1_137' title='bbox 1038 2385 1144 2449; x_wconf 84' lang='lat' dir='ltr'><strong>genau</strong></span> <span class='ocrx_word' id='word_1_138' title='bbox 1167 2363 1224 2430; x_wconf 86' lang='lat' dir='ltr'><strong>wie</strong></span> <span class='ocrx_word' id='word_1_139' title='bbox 1248 2385 1275 2432; x_wconf 89' lang='lat' dir='ltr'><strong>c.</strong></span> <span class='ocrx_word' id='word_1_140' title='bbox 1301 2365 1331 2452; x_wconf 83' lang='grc'><strong>7,</strong></span> 
     </span>
     <span class='ocr_line' id='line_1_18' title="bbox 62 2481 1332 2568; baseline 0 -19"><span class='ocrx_word' id='word_1_141' title='bbox 62 2484 94 2550; x_wconf 82' lang='grc'><strong>4.</strong></span> <span class='ocrx_word' id='word_1_142' title='bbox 117 2482 178 2568; x_wconf 82' lang='lat' dir='ltr'><strong>vgl.</strong></span> <span class='ocrx_word' id='word_1_143' title='bbox 203 2484 286 2551; x_wconf 90' lang='lat' dir='ltr'><strong>auch</strong></span> <span class='ocrx_word' id='word_1_144' title='bbox 310 2505 336 2551; x_wconf 92' lang='lat' dir='ltr'><strong>c.</strong></span> <span class='ocrx_word' id='word_1_145' title='bbox 356 2484 413 2565; x_wconf 83' lang='lat'><strong>12,</strong></span> <span class='ocrx_word' id='word_1_146' title='bbox 437 2484 475 2563; x_wconf 85' lang='lat'><strong>5,</strong></span> <span class='ocrx_word' id='word_1_147' title='bbox 498 2484 562 2551; x_wconf 92' lang='lat' dir='ltr'><strong>und</strong></span> <span class='ocrx_word' id='word_1_148' title='bbox 587 2482 720 2551; x_wconf 90' lang='lat' dir='ltr'><strong>deshalb</strong></span> <span class='ocrx_word' id='word_1_149' title='bbox 743 2483 787 2550; x_wconf 94' lang='lat' dir='ltr'><strong>ist</strong></span> <span class='ocrx_word' id='word_1_150' title='bbox 809 2481 1007 2564; x_wconf 66' lang='grc' dir='ltr'><em>ἀνεπαύοντο,</em></span> <span class='ocrx_word' id='word_1_151' title='bbox 1031 2483 1107 2549; x_wconf 91' lang='lat' dir='ltr'><strong>dass</strong></span> <span class='ocrx_word' id='word_1_152' title='bbox 1131 2482 1182 2550; x_wconf 90' lang='lat' dir='ltr'><strong>die</strong></span> <span class='ocrx_word' id='word_1_153' title='bbox 1198 2483 1332 2549; x_wconf 85' lang='lat' dir='ltr'><strong>meisten</strong></span> 
     </span>
     <span class='ocr_line' id='line_1_19' title="bbox 52 2582 1332 2688; baseline -0.002 -19"><span class='ocrx_word' id='word_1_154' title='bbox 52 2582 139 2671; x_wconf 40' lang='lat' dir='ltr'><strong>&#39;Hsa</strong></span> <span class='ocrx_word' id='word_1_155' title='bbox 163 2603 262 2683; x_wconf 86' lang='lat' dir='ltr'><strong>(auch</strong></span> <span class='ocrx_word' id='word_1_156' title='bbox 286 2602 405 2687; x_wconf 90' lang='lat' dir='ltr'><strong>Vatio.)</strong></span> <span class='ocrx_word' id='word_1_157' title='bbox 427 2602 551 2681; x_wconf 92' lang='lat' dir='ltr'><strong>haben,</strong></span> <span class='ocrx_word' id='word_1_158' title='bbox 576 2600 790 2687; x_wconf 82' lang='lat' dir='ltr'><strong>unmdglich.’&#39;</strong></span> <span class='ocrx_word' id='word_1_159' title='bbox 835 2601 879 2669; x_wconf 82' lang='lat' dir='ltr'><strong>At</strong></span> <span class='ocrx_word' id='word_1_160' title='bbox 900 2623 1015 2688; x_wconf 85' lang='lat' dir='ltr'><strong>rogare</strong></span> <span class='ocrx_word' id='word_1_161' title='bbox 1038 2601 1144 2682; x_wconf 83' lang='lat' dir='ltr'><strong>velim,</strong></span> <span class='ocrx_word' id='word_1_162' title='bbox 1172 2603 1248 2687; x_wconf 86' lang='lat' dir='ltr'><strong>quid</strong></span> <span class='ocrx_word' id='word_1_163' title='bbox 1269 2602 1332 2669; x_wconf 90' lang='lat' dir='ltr'><strong>looi</strong></span> 
     </span>
     <span class='ocr_line' id='line_1_20' title="bbox 60 2719 1331 2807; baseline 0 -19"><span class='ocrx_word' id='word_1_164' title='bbox 60 2721 187 2788; x_wconf 89' lang='lat' dir='ltr'><strong>laudati</strong></span> <span class='ocrx_word' id='word_1_165' title='bbox 210 2719 253 2788; x_wconf 93' lang='lat' dir='ltr'><strong>ad</strong></span> <span class='ocrx_word' id='word_1_166' title='bbox 276 2726 368 2788; x_wconf 80' lang='lat' dir='ltr'><strong>rem?</strong></span> <span class='ocrx_word' id='word_1_167' title='bbox 413 2720 497 2788; x_wconf 84' lang='lat' dir='ltr'><strong>Sane</strong></span> <span class='ocrx_word' id='word_1_168' title='bbox 521 2743 559 2789; x_wconf 92' lang='lat' dir='ltr'><strong>eo</strong></span> <span class='ocrx_word' id='word_1_169' title='bbox 583 2726 743 2807; x_wconf 89' lang='lat' dir='ltr'><strong>tempore,</strong></span> <span class='ocrx_word' id='word_1_170' title='bbox 767 2741 833 2807; x_wconf 90' lang='lat' dir='ltr'><strong>quo</strong></span> <span class='ocrx_word' id='word_1_171' title='bbox 857 2743 926 2803; x_wconf 87' lang='lat' dir='ltr'><strong>res,</strong></span> <span class='ocrx_word' id='word_1_172' title='bbox 951 2745 975 2788; x_wconf 88' lang='lat' dir='ltr'><strong>o</strong></span> <span class='ocrx_word' id='word_1_173' title='bbox 1002 2722 1020 2788; x_wconf 85' lang='grc'><strong>7</strong></span> <span class='ocrx_word' id='word_1_174' title='bbox 1045 2729 1078 2789; x_wconf 91' lang='lat' dir='ltr'><strong>et</strong></span> <span class='ocrx_word' id='word_1_175' title='bbox 1103 2723 1146 2787; x_wconf 78' lang='lat'><strong>12</strong></span> <span class='ocrx_word' id='word_1_176' title='bbox 1172 2725 1331 2802; x_wconf 83' lang='lat' dir='ltr'><strong>narratae,</strong></span> 
     </span>
     <span class='ocr_line' id='line_1_21' title="bbox 61 2839 1331 2927; baseline 0.001 -22"><span class='ocrx_word' id='word_1_177' title='bbox 61 2839 201 2919; x_wconf 89' lang='lat' dir='ltr'><strong>fiebant,</strong></span> <span class='ocrx_word' id='word_1_178' title='bbox 226 2839 499 2927; x_wconf 81' lang='lat' dir='ltr'><strong>Syracusanorum</strong></span> <span class='ocrx_word' id='word_1_179' title='bbox 523 2841 636 2908; x_wconf 90' lang='lat' dir='ltr'><strong>classis</strong></span> <span class='ocrx_word' id='word_1_180' title='bbox 660 2863 720 2909; x_wconf 91' lang='lat' dir='ltr'><strong>usu</strong></span> <span class='ocrx_word' id='word_1_181' title='bbox 743 2849 776 2909; x_wconf 93' lang='lat' dir='ltr'><strong>et</strong></span> <span class='ocrx_word' id='word_1_182' title='bbox 798 2841 925 2909; x_wconf 91' lang='lat' dir='ltr'><strong>ratione</strong></span> <span class='ocrx_word' id='word_1_183' title='bbox 948 2842 1076 2909; x_wconf 85' lang='lat' dir='ltr'><strong>navium</strong></span> <span class='ocrx_word' id='word_1_184' title='bbox 1090 2840 1331 2909; x_wconf 78' lang='lat' dir='ltr'><strong>Atheniensium</strong></span> 
     </span>
     <span class='ocr_line' id='line_1_22' title="bbox 62 2957 1331 3046; baseline -0.001 -20"><span class='ocrx_word' id='word_1_185' title='bbox 62 2957 165 3026; x_wconf 86' lang='lat' dir='ltr'><strong>classe</strong></span> <span class='ocrx_word' id='word_1_186' title='bbox 188 2958 412 3045; x_wconf 87' lang='lat' dir='ltr'><strong>superabatur.</strong></span> <span class='ocrx_word' id='word_1_187' title='bbox 459 2961 608 3028; x_wconf 80' lang='lat' dir='ltr'><strong>Attamen</strong></span> <span class='ocrx_word' id='word_1_188' title='bbox 632 2961 761 3028; x_wconf 87' lang='lat' dir='ltr'><strong>iuterim</strong></span> <span class='ocrx_word' id='word_1_189' title='bbox 785 2961 825 3028; x_wconf 92' lang='lat' dir='ltr'><strong>iis</strong></span> <span class='ocrx_word' id='word_1_190' title='bbox 847 2981 900 3027; x_wconf 89' lang='lat' dir='ltr'><strong>res</strong></span> <span class='ocrx_word' id='word_1_191' title='bbox 923 2961 1055 3028; x_wconf 91' lang='lat' dir='ltr'><strong>nautica</strong></span> <span class='ocrx_word' id='word_1_192' title='bbox 1077 2961 1111 3026; x_wconf 90' lang='lat' dir='ltr'><strong>in</strong></span> <span class='ocrx_word' id='word_1_193' title='bbox 1132 2961 1227 3046; x_wconf 80' lang='lat' dir='ltr'><strong>longe</strong></span> <span class='ocrx_word' id='word_1_194' title='bbox 1243 2958 1331 3026; x_wconf 89' lang='lat' dir='ltr'><strong>meli·</strong></span> 
     </span>
     <span class='ocr_line' id='line_1_23' title="bbox 62 3075 1331 3165; baseline 0.001 -21"><span class='ocrx_word' id='word_1_195' title='bbox 62 3096 151 3144; x_wconf 92' lang='lat' dir='ltr'><strong>orem</strong></span> <span class='ocrx_word' id='word_1_196' title='bbox 181 3075 307 3144; x_wconf 83' lang='lat' dir='ltr'><strong>devenit</strong></span> <span class='ocrx_word' id='word_1_197' title='bbox 335 3077 460 3158; x_wconf 89' lang='lat' dir='ltr'><strong>locum,</strong></span> <span class='ocrx_word' id='word_1_198' title='bbox 490 3083 527 3144; x_wconf 92' lang='lat' dir='ltr'><strong>ut</strong></span> <span class='ocrx_word' id='word_1_199' title='bbox 558 3078 709 3147; x_wconf 88' lang='lat' dir='ltr'><strong>docemur</strong></span> <span class='ocrx_word' id='word_1_200' title='bbox 738 3100 809 3165; x_wconf 91' lang='lat' dir='ltr'><strong>cap.</strong></span> <span class='ocrx_word' id='word_1_201' title='bbox 832 3080 877 3145; x_wconf 81' lang='lat'><strong>40</strong></span> <span class='ocrx_word' id='word_1_202' title='bbox 900 3083 933 3145; x_wconf 89' lang='lat' dir='ltr'><strong>et</strong></span> <span class='ocrx_word' id='word_1_203' title='bbox 954 3080 1052 3165; x_wconf 86' lang='lat'>411).</span> <span class='ocrx_word' id='word_1_204' title='bbox 1098 3079 1212 3163; x_wconf 86' lang='lat' dir='ltr'><strong>Itaque</strong></span> <span class='ocrx_word' id='word_1_205' title='bbox 1235 3078 1331 3165; x_wconf 84' lang='lat' dir='ltr'><strong>Syra·</strong></span> 
     </span>
     <span class='ocr_line' id='line_1_24' title="bbox 62 3194 1331 3283; baseline 0.002 -21"><span class='ocrx_word' id='word_1_206' title='bbox 62 3194 191 3262; x_wconf 87' lang='lat' dir='ltr'><strong>cusanis</strong></span> <span class='ocrx_word' id='word_1_207' title='bbox 224 3215 290 3263; x_wconf 92' lang='lat' dir='ltr'><strong>non</strong></span> <span class='ocrx_word' id='word_1_208' title='bbox 322 3202 511 3282; x_wconf 89' lang='lat' dir='ltr'><strong>tantopore,</strong></span> <span class='ocrx_word' id='word_1_209' title='bbox 546 3196 607 3264; x_wconf 90' lang='lat' dir='ltr'><strong>hoo</strong></span> <span class='ocrx_word' id='word_1_210' title='bbox 642 3199 754 3264; x_wconf 90' lang='lat' dir='ltr'><strong>saltem</strong></span> <span class='ocrx_word' id='word_1_211' title='bbox 789 3197 943 3283; x_wconf 88' lang='lat' dir='ltr'><strong>temporis</strong></span> <span class='ocrx_word' id='word_1_212' title='bbox 965 3203 1103 3283; x_wconf 87' lang='lat' dir='ltr'><strong>puncto,</strong></span> <span class='ocrx_word' id='word_1_213' title='bbox 1127 3218 1208 3283; x_wconf 90' lang='lat' dir='ltr'><strong>opus</strong></span> <span class='ocrx_word' id='word_1_214' title='bbox 1231 3197 1331 3265; x_wconf 88' lang='lat' dir='ltr'><strong>fuisse</strong></span> 
     </span>
     <span class='ocr_line' id='line_1_25' title="bbox 60 3313 1332 3403; baseline 0.003 -23"><span class='ocrx_word' id='word_1_215' title='bbox 60 3313 291 3383; x_wconf 83' lang='lat' dir='ltr'><strong>exercitatione</strong></span> <span class='ocrx_word' id='word_1_216' title='bbox 322 3320 503 3383; x_wconf 91' lang='lat' dir='ltr'><strong>statuamus</strong></span> <span class='ocrx_word' id='word_1_217' title='bbox 525 3336 656 3383; x_wconf 89' lang='lat' dir='ltr'><strong>necesse</strong></span> <span class='ocrx_word' id='word_1_218' title='bbox 679 3323 737 3384; x_wconf 86' lang='lat' dir='ltr'><strong>est.</strong></span> <span class='ocrx_word' id='word_1_219' title='bbox 783 3317 866 3396; x_wconf 81' lang='lat' dir='ltr'><strong>Quin</strong></span> <span class='ocrx_word' id='word_1_220' title='bbox 889 3317 953 3384; x_wconf 91' lang='lat' dir='ltr'><strong>imo</strong></span> <span class='ocrx_word' id='word_1_221' title='bbox 976 3318 1016 3384; x_wconf 91' lang='lat' dir='ltr'><strong>iis</strong></span> <span class='ocrx_word' id='word_1_222' title='bbox 1039 3338 1228 3403; x_wconf 89' lang='lat' dir='ltr'><strong>persuasum</strong></span> <span class='ocrx_word' id='word_1_223' title='bbox 1252 3321 1332 3397; x_wconf 83' lang='lat' dir='ltr'><strong>erat,</strong></span> 
     </span>
     <span class='ocr_line' id='line_1_26' title="bbox 58 3431 1331 3522; baseline 0.003 -24"><span class='ocrx_word' id='word_1_224' title='bbox 58 3431 272 3500; x_wconf 85' lang='lat' dir='ltr'><strong>Athenienses</strong></span> <span class='ocrx_word' id='word_1_225' title='bbox 304 3433 437 3521; x_wconf 89' lang='lat' dir='ltr'><strong>dejectis</strong></span> <span class='ocrx_word' id='word_1_226' title='bbox 468 3455 538 3502; x_wconf 88' lang='lat' dir='ltr'><strong>esse</strong></span> <span class='ocrx_word' id='word_1_227' title='bbox 561 3436 694 3521; x_wconf 86' lang='lat' dir='ltr'><strong>animis,</strong></span> <span class='ocrx_word' id='word_1_228' title='bbox 728 3437 910 3521; x_wconf 87' lang='lat' dir='ltr'><strong>quinoque</strong></span> <span class='ocrx_word' id='word_1_229' title='bbox 934 3435 1036 3503; x_wconf 88' lang='lat' dir='ltr'><strong>classe</strong></span> <span class='ocrx_word' id='word_1_230' title='bbox 1059 3456 1162 3521; x_wconf 84' lang='lat' dir='ltr'><strong>neque</strong></span> <span class='ocrx_word' id='word_1_231' title='bbox 1185 3436 1331 3522; x_wconf 88' lang='lat' dir='ltr'><strong>peditatu</strong></span> 
     </span>
     <span class='ocr_line' id='line_1_27' title="bbox 60 3550 1332 3644; baseline 0.003 -26"><span class='ocrx_word' id='word_1_232' title='bbox 60 3550 200 3636; x_wconf 91' lang='lat' dir='ltr'><strong>amplius</strong></span> <span class='ocrx_word' id='word_1_233' title='bbox 230 3560 338 3620; x_wconf 88' lang='lat' dir='ltr'><strong>essent</strong></span> <span class='ocrx_word' id='word_1_234' title='bbox 362 3553 561 3638; x_wconf 65' lang='lat' dir='ltr'><strong>superiorem</strong></span> <span class='ocrx_word' id='word_1_235' title='bbox 586 3577 615 3622; x_wconf 90' lang='lat' dir='ltr'><strong>c.</strong></span> <span class='ocrx_word' id='word_1_236' title='bbox 638 3556 679 3620; x_wconf 82' lang='lat' dir='ltr'><strong>bl</strong></span> <span class='ocrx_word' id='word_1_237' title='bbox 704 3552 729 3644; x_wconf 65' lang='grc' dir='ltr'>ξ</span> <span class='ocrx_word' id='word_1_238' title='bbox 753 3557 771 3619; x_wconf 86' lang='grc'>1</span> <span class='ocrx_word' id='word_1_239' title='bbox 796 3556 820 3619; x_wconf 82' lang='grc' dir='ltr'><strong>οἱ</strong></span> <span class='ocrx_word' id='word_1_240' title='bbox 845 3555 874 3621; x_wconf 75' lang='grc' dir='ltr'><strong>δὲ</strong></span> <span class='ocrx_word' id='word_1_241' title='bbox 898 3565 935 3621; x_wconf 90' lang='grc' dir='ltr'><strong>Σ.</strong></span> <span class='ocrx_word' id='word_1_242' title='bbox 959 3555 1008 3620; x_wconf 76' lang='grc' dir='ltr'><strong>καὶ</strong></span> <span class='ocrx_word' id='word_1_243' title='bbox 1032 3555 1114 3622; x_wconf 75' lang='grc' dir='ltr'><em>αὐτοὶ</em></span> <span class='ocrx_word' id='word_1_244' title='bbox 1138 3562 1222 3622; x_wconf 79' lang='grc' dir='ltr'><em>τοῦτο</em></span> <span class='ocrx_word' id='word_1_245' title='bbox 1246 3557 1281 3642; x_wconf 92' lang='lat' dir='ltr'><strong>(i.</strong></span> <span class='ocrx_word' id='word_1_246' title='bbox 1305 3577 1332 3623; x_wconf 92' lang='lat' dir='ltr'><strong>e.</strong></span> 
     </span>
     <span class='ocr_line' id='line_1_28' title="bbox 59 3668 1332 3759; baseline 0.005 -24"><span class='ocrx_word' id='word_1_247' title='bbox 59 3668 303 3737; x_wconf 86' lang='lat' dir='ltr'><strong>Atheniensium</strong></span> <span class='ocrx_word' id='word_1_248' title='bbox 336 3670 478 3739; x_wconf 84' lang='lat' dir='ltr'><strong>Siciliam</strong></span> <span class='ocrx_word' id='word_1_249' title='bbox 510 3673 714 3759; x_wconf 89' lang='lat' dir='ltr'><strong>relinquendi</strong></span> <span class='ocrx_word' id='word_1_250' title='bbox 744 3673 926 3755; x_wconf 87' lang='lat' dir='ltr'><strong>consilium)</strong></span> <span class='ocrx_word' id='word_1_251' title='bbox 950 3674 1100 3752; x_wconf 79' lang='grc' dir='ltr'><em>πυθόμενοι</em></span> <span class='ocrx_word' id='word_1_252' title='bbox 1125 3677 1225 3758; x_wconf 71' lang='grc' dir='ltr'><em>πολιῷ</em></span> <span class='ocrx_word' id='word_1_253' title='bbox 1249 3678 1332 3753; x_wconf 74' lang='grc' dir='ltr'><strong>μᾶλ-</strong></span> 
     </span>
     <span class='ocr_line' id='line_1_29' title="bbox 59 3788 1332 3873; baseline 0.005 -19"><span class='ocrx_word' id='word_1_254' title='bbox 59 3804 109 3854; x_wconf 77' lang='grc' dir='ltr'><strong>λον</strong></span> <span class='ocrx_word' id='word_1_255' title='bbox 131 3788 319 3869; x_wconf 69' lang='grc' dir='ltr'><em>ἐγηγερμένον</em></span> <span class='ocrx_word' id='word_1_256' title='bbox 342 3789 417 3868; x_wconf 78' lang='grc' dir='ltr'><em>ἦσαν</em></span> <span class='ocrx_word' id='word_1_257' title='bbox 438 3793 481 3868; x_wconf 66' lang='grc' dir='ltr'><strong>μὴ</strong></span> <span class='ocrx_word' id='word_1_258' title='bbox 504 3792 611 3858; x_wconf 83' lang='grc' dir='ltr'><strong>οὶνιέναι</strong></span> <span class='ocrx_word' id='word_1_259' title='bbox 636 3795 677 3857; x_wconf 79' lang='grc' dir='ltr'><strong>σοὶ</strong></span> <span class='ocrx_word' id='word_1_260' title='bbox 701 3799 757 3857; x_wconf 80' lang='grc' dir='ltr'><strong>σῶν</strong></span> <span class='ocrx_word' id='word_1_261' title='bbox 781 3794 938 3873; x_wconf 71' lang='lat' dir='ltr'><strong>Aianteion,</strong></span> <span class='ocrx_word' id='word_1_262' title='bbox 953 3795 989 3866; x_wconf 76' lang='grc' dir='ltr'><strong>ὡς</strong></span> <span class='ocrx_word' id='word_1_263' title='bbox 1005 3793 1056 3859; x_wconf 74' lang='grc' dir='ltr'><strong>καὶ</strong></span> <span class='ocrx_word' id='word_1_264' title='bbox 1073 3797 1168 3861; x_wconf 83' lang='grc' dir='ltr'><em>αὐτῶν</em></span> <span class='ocrx_word' id='word_1_265' title='bbox 1184 3818 1332 3873; x_wconf 69' lang='lat' dir='ltr'><strong>corcyre-</strong></span> 
     </span>
     <span class='ocr_line' id='line_1_30' title="bbox 58 3906 1331 3994; baseline 0.005 -21"><span class='ocrx_word' id='word_1_266' title='bbox 58 3906 149 3973; x_wconf 77' lang='lat' dir='ltr'><strong>adroo</strong></span> <span class='ocrx_word' id='word_1_267' title='bbox 180 3908 232 3984; x_wconf 74' lang='grc' dir='ltr'><strong>ἤδκ</strong></span> <span class='ocrx_word' id='word_1_268' title='bbox 263 3909 367 3987; x_wconf 77' lang='grc' dir='ltr'><strong><em>μηκέτι</em></strong></span> <span class='ocrx_word' id='word_1_269' title='bbox 394 3912 558 3991; x_wconf 77' lang='grc' dir='ltr'><strong>κρεισσόνων</strong></span> <span class='ocrx_word' id='word_1_270' title='bbox 581 3907 652 3977; x_wconf 76' lang='grc' dir='ltr'><em>εἶναι</em></span> <span class='ocrx_word' id='word_1_271' title='bbox 677 3917 759 3994; x_wconf 80' lang='grc' dir='ltr'><em>σφῶν</em></span> <span class='ocrx_word' id='word_1_272' title='bbox 783 3914 860 3989; x_wconf 72' lang='grc' dir='ltr'><em>μήτε</em></span> <span class='ocrx_word' id='word_1_273' title='bbox 883 3920 949 3985; x_wconf 85' lang='grc' dir='ltr'><em>παῑρ</em></span> <span class='ocrx_word' id='word_1_274' title='bbox 975 3913 1058 3978; x_wconf 75' lang='grc' dir='ltr'><em>ναυσὶ</em></span> <span class='ocrx_word' id='word_1_275' title='bbox 1081 3915 1158 3993; x_wconf 77' lang='grc' dir='ltr'><em>μήτε</em></span> <span class='ocrx_word' id='word_1_276' title='bbox 1181 3915 1221 3994; x_wconf 77' lang='grc' dir='ltr'><strong>τῷ</strong></span> <span class='ocrx_word' id='word_1_277' title='bbox 1244 3912 1331 3994; x_wconf 81' lang='grc' dir='ltr'><em>πεζῷ.</em></span> 
     </span>
     <span class='ocr_line' id='line_1_31' title="bbox 59 4025 1331 4113; baseline 0.001 -21"><span class='ocrx_word' id='word_1_278' title='bbox 59 4025 145 4093; x_wconf 85' lang='lat' dir='ltr'><strong>Num</strong></span> <span class='ocrx_word' id='word_1_279' title='bbox 168 4027 240 4111; x_wconf 90' lang='lat' dir='ltr'><strong>quis</strong></span> <span class='ocrx_word' id='word_1_280' title='bbox 263 4026 435 4095; x_wconf 80' lang='lat' dir='ltr'><strong>crediderit</strong></span> <span class='ocrx_word' id='word_1_281' title='bbox 457 4028 618 4108; x_wconf 88' lang='lat' dir='ltr'><strong>homines,</strong></span> <span class='ocrx_word' id='word_1_282' title='bbox 642 4029 759 4113; x_wconf 78' lang='lat' dir='ltr'><strong>qrribus</strong></span> <span class='ocrx_word' id='word_1_283' title='bbox 782 4031 857 4098; x_wconf 86' lang='lat' dir='ltr'><strong>talis</strong></span> <span class='ocrx_word' id='word_1_284' title='bbox 878 4031 918 4096; x_wconf 92' lang='lat' dir='ltr'><strong>de</strong></span> <span class='ocrx_word' id='word_1_285' title='bbox 938 4030 1195 4098; x_wconf 86' lang='lat' dir='ltr'><strong>adversariorum</strong></span> <span class='ocrx_word' id='word_1_286' title='bbox 1210 4028 1331 4095; x_wconf 85' lang='lat' dir='ltr'><strong>viribus</strong></span> 
     </span>
    </p>
   </div>
   <div class='ocr_carea' id='block_1_3' title="bbox 60 4290 1330 4463">
    <p class='ocr_par' dir='ltr' id='par_1_5' title="bbox 60 4290 1330 4463">
     <span class='ocr_line' id='line_1_32' title="bbox 93 4290 1330 4360; baseline -0.001 -15"><span class='ocrx_word' id='word_1_287' title='bbox 93 4293 122 4359; x_wconf 84' lang='lat'><strong>1)</strong></span> <span class='ocrx_word' id='word_1_288' title='bbox 140 4292 204 4359; x_wconf 84' lang='lat' dir='ltr'><strong>Gap.</strong></span> <span class='ocrx_word' id='word_1_289' title='bbox 219 4292 253 4346; x_wconf 76' lang='grc'><strong>40</strong></span> <span class='ocrx_word' id='word_1_290' title='bbox 269 4294 283 4360; x_wconf 68' lang='lat'>5</span> <span class='ocrx_word' id='word_1_291' title='bbox 299 4293 324 4345; x_wconf 83' lang='lat'><strong>1.</strong></span> <span class='ocrx_word' id='word_1_292' title='bbox 346 4294 418 4343; x_wconf 65' lang='grc' dir='ltr'><em>κατὰ</em></span> <span class='ocrx_word' id='word_1_293' title='bbox 435 4292 527 4356; x_wconf 75' lang='grc' dir='ltr'><em>κράτος</em></span> <span class='ocrx_word' id='word_1_294' title='bbox 545 4297 737 4358; x_wconf 74' lang='grc' dir='ltr'><em>ναυμαχοῦντες</em></span> <span class='ocrx_word' id='word_1_295' title='bbox 756 4297 781 4345; x_wconf 81' lang='grc' dir='ltr'><strong>οἱ</strong></span> <span class='ocrx_word' id='word_1_296' title='bbox 794 4296 935 4358; x_wconf 73' lang='grc' dir='ltr'><strong>Συρακόσιοι</strong></span> <span class='ocrx_word' id='word_1_297' title='bbox 953 4290 1101 4356; x_wconf 69' lang='grc' dir='ltr'><em>οκραπιὶσαν.</em></span> <span class='ocrx_word' id='word_1_298' title='bbox 1124 4309 1147 4344; x_wconf 89' lang='lat' dir='ltr'><strong>c.</strong></span> <span class='ocrx_word' id='word_1_299' title='bbox 1164 4292 1194 4344; x_wconf 77' lang='lat'><strong>41</strong></span> <span class='ocrx_word' id='word_1_300' title='bbox 1214 4293 1227 4358; x_wconf 68' lang='grc' dir='ltr'><strong>ἓ</strong></span> <span class='ocrx_word' id='word_1_301' title='bbox 1244 4293 1269 4345; x_wconf 68' lang='lat' dir='ltr'><strong>b.</strong></span> <span class='ocrx_word' id='word_1_302' title='bbox 1286 4292 1330 4344; x_wconf 75' lang='grc' dir='ltr'><strong>καὶ</strong></span> 
     </span>
     <span class='ocr_line' id='line_1_33' title="bbox 60 4389 1196 4463; baseline -0.004 -16"><span class='ocrx_word' id='word_1_303' title='bbox 60 4397 107 4458; x_wconf 65' lang='grc' dir='ltr'><strong>τὴν</strong></span> <span class='ocrx_word' id='word_1_304' title='bbox 124 4393 220 4453; x_wconf 65' lang='lat' dir='ltr'><strong>tavida</strong></span> <span class='ocrx_word' id='word_1_305' title='bbox 237 4395 282 4456; x_wconf 71' lang='lat' dir='ltr'><strong>bida</strong></span> <span class='ocrx_word' id='word_1_306' title='bbox 297 4393 394 4460; x_wconf 70' lang='grc' dir='ltr'><em>ἰχνρᾶν</em></span> <span class='ocrx_word' id='word_1_307' title='bbox 412 4391 483 4460; x_wconf 70' lang='grc' dir='ltr'><em>εἶχον</em></span> <span class='ocrx_word' id='word_1_308' title='bbox 501 4397 539 4462; x_wconf 75' lang='grc' dir='ltr'><strong>(οἱ</strong></span> <span class='ocrx_word' id='word_1_309' title='bbox 552 4398 589 4463; x_wconf 87' lang='grc' dir='ltr'><strong>Σ.)</strong></span> <span class='ocrx_word' id='word_1_310' title='bbox 608 4397 667 4454; x_wconf 76' lang='grc' dir='ltr'><em>παῖς</em></span> <span class='ocrx_word' id='word_1_311' title='bbox 684 4396 729 4458; x_wconf 66' lang='grc' dir='ltr'><strong>μὲν</strong></span> <span class='ocrx_word' id='word_1_312' title='bbox 747 4394 820 4445; x_wconf 75' lang='grc' dir='ltr'><em>ναυσὶ</em></span> <span class='ocrx_word' id='word_1_313' title='bbox 837 4394 880 4446; x_wconf 75' lang='grc' dir='ltr'><strong>καὶ</strong></span> <span class='ocrx_word' id='word_1_314' title='bbox 898 4396 964 4444; x_wconf 72' lang='grc' dir='ltr'><em>πολὺ</em></span> <span class='ocrx_word' id='word_1_315' title='bbox 981 4394 1109 4458; x_wconf 67' lang='grc' dir='ltr'><em>κρείσσονα</em></span> <span class='ocrx_word' id='word_1_316' title='bbox 1128 4389 1196 4443; x_wconf 70' lang='grc' dir='ltr'><strong>εἶναι.</strong></span> 
     </span>
    </p>
   </div>
   <div class='ocr_carea' id='block_1_4' title="bbox 0 0 1556 4988">
    <p class='ocr_par' dir='ltr' id='par_1_6' title="bbox 0 0 1556 4988">
     <span class='ocr_line' id='line_1_34' title="bbox 0 0 1556 4988; baseline 0 0"><span class='ocrx_word' id='word_1_317' title='bbox 0 0 1556 4988; x_wconf 95' lang='lat' dir='ltr'><strong> </strong></span> 
     </span>
    </p>
   </div>
  </div>
 </body>
</html>
