3098 4988
710 319 770 386 101

94 575 187 622 mero
217 554 302 622 enim
334 556 466 637 civium,
497 556 554 642 qui
582 556 777 641 reipublicae
809 555 985 642 participes
1010 559 1120 633 erant,
1145 553 1368 623 edocebantur

95 671 205 739 Samii.
254 672 398 759 Speciem
421 674 596 741 Vaticanus
632 673 784 760 haberet,
821 674 848 740 si
881 678 913 740 ot
948 675 973 739 oi
1004 673 1179 755 τετρακόσιοι
1211 673 1365 740 dedisset.

95 788 194 857 Valla
226 795 332 860 recte:
371 791 532 879 „quinque
566 793 655 859 milia
687 791 852 860 bominum
887 813 976 879 esse,
1009 813 1084 858 nun
1116 791 1368 878 quadringentos

96 908 218 990 solum,
244 911 299 994 qui
322 912 452 995 negotia
474 912 769 980 administrarent'’.

141 1024 166 1117 ξ
209 1028 238 1094 2.
295 1029 385 1115 Vulg.
436 1029 486 1095 καὶ
539 1023 663 1095 τᾶλλα
717 1030 936 1101 ε’πιττείλαντες
973 1017 1028 1094 ’τοι
1081 1029 1230 1110 πρέποντα
1280 1032 1370 1096 εἰπεῖν

96 1150 288 1230 ἀπέπεμψαν
313 1150 420 1223 αὐτοὺς
443 1151 523 1223 εὐθὺς
545 1151 625 1229 μετὰ
648 1152 700 1225 τὴν
723 1153 837 1217 αὐτῶν
859 1150 1056 1217 κατάστασιν.
1096 1151 1167 1217 Etsi
1189 1152 1239 1216 acl
1264 1144 1368 1216 τοῖλλα

94 1288 156 1353 per
178 1289 212 1335 se
235 1290 336 1353 prava
357 1290 422 1336 nen
444 1275 495 1337 est
515 1269 627 1350 lectio,
649 1274 817 1355 praestare
840 1275 949 1337 tamen
972 1270 1097 1336 videtur
1114 1268 1265 1337 Vaticani
1283 1268 1368 1336 ἄλλα

95 1412 148 1474 τε,
181 1387 408 1456 adverbialiter
438 1389 578 1458 dictum:
612 1391 729 1471 „etiam
759 1389 832 1456 aliis
862 1390 896 1456 in
928 1387 1051 1456 rebus”.
1096 1378 1368 1473 Insequentibus

95 1525 225 1590 quoque
256 1505 283 1570 B
310 1506 383 1591 jure
414 1506 526 1574 scribit
555 1508 697 1574 ἑαυτῶν.
745 1506 870 1574 Vallam
901 1507 997 1574 aliam
1026 1509 1219 1594 scripturam
1251 1508 1368 1575 vidisse

95 1630 251 1710 apparet,
286 1626 385 1706 unde,
419 1631 528 1694 utrum
550 1627 599 1692 acl
623 1620 728 1693 τᾶλλα
752 1627 865 1712 legerit
888 1648 1005 1707 necne,
1029 1648 1122 1695 nemo
1146 1626 1309 1715 effecerit,
1333 1627 1367 1692 in

93 1742 286 1828 pronomine
310 1749 417 1810 autem
440 1742 589 1812 reflexivo
614 1746 774 1813 consentit
792 1745 966 1813 Vaticano:
993 1745 1094 1827 „Non
1112 1752 1241 1814 tamen
1258 1747 1367 1814 statim

95 1863 235 1950 abipsa
259 1868 364 1958 status
388 1865 448 1931 sui
471 1865 697 1933 constitutione
722 1865 906 1933 miserunt''.

140 1982 223 2049 Ibid.
251 1982 343 2068 Vulg.
371 1986 414 2063 μὴ
538 1985 668 2057 ναυτικὸς
691 1983 780 2065 ὄχλος
804 1985 870 2050 οὔτε
892 1983 980 2057 αὐτὸς
1006 1984 1101 2062 μένειν
1125 1985 1154 2049 ἐν
1177 1987 1218 2066 τῷ
1245 1987 1366 2067 §seyar-

94 2101 172 2181 χικῷ
194 2101 295 2181 κόσμῳ
317 2101 428 2186 ἐθέλῃ.
472 2103 499 2168 Β
522 2123 670 2187 perverse
694 2104 869 2179 ἐθελῆσαι.
906 2103 1018 2172 Valla:
1046 2125 1105 2184 „ne
1232 2104 1366 2170 nautea

95 2218 271 2287 multitudo
294 2218 394 2288 nollet
416 2220 475 2288 sub
498 2242 536 2289 ec
560 2227 648 2290 statu
670 2221 829 2290 manere'’.

142 2458 250 2543 Caput
274 2459 316 2524 73
338 2455 363 2548 ξ
385 2460 415 2525 4.
440 2458 530 2544 Vulg.
552 2456 627 2526 οὗτοι
649 2459 709 2541 γὰρ
729 2462 796 2541 οὐχ
818 2463 956 2534 ἓκοντες
971 2510 977 2524 .
993 2511 1000 2526 .
1015 2507 1022 2523 .
1040 2460 1159 2543 ,ἔφερον
1174 2460 1226 2534 τὴν
1241 2462 1364 2539 ὀλιγαρ-

93 2576 170 2657 χίαν
200 2583 305 2655 recte;
335 2577 381 2644 sic
411 2577 520 2646 Valla:
551 2577 604 2659 „bi
627 2578 710 2646 enim
825 2579 917 2646 inviti
940 2582 1059 2646 statum
1082 2598 1259 2663 paucorum
1281 2575 1365 2644 fere-

95 2695 206 2762 bant'’.
241 2695 269 2761 B
291 2696 375 2763 male
397 2699 447 2763 οὐκ
470 2695 598 2778 ἔχοντες.

142 2813 225 2880 Ibid.
250 2813 341 2900 Vulg.
373 2815 409 2881 δι’
434 2813 467 2893 ἣν
489 2817 592 2895 μόνον
623 2819 639 2894 οἱ
669 2818 750 2898 αοχὶι
774 2819 872 2891 αὐτοῖς
896 2820 925 2891 ἕς
951 2824 1034 2884 τοῦτο
1056 2815 1226 2896 ξονέμεινεν.
1262 2821 1365 2881 Βνῦν

95 2933 217 3020 μόνον,
250 2933 305 3000 alii
336 2935 425 3015 μέχρι
458 2942 522 3022 νῦν,
556 2943 726 3021 utrumque
757 2959 821 3004 non
851 2937 1055 3022 probandum
1084 2936 1180 3021 juxta
1209 2936 1237 3008 ἐκ
1269 2940 1364 2999 τοῦτο.

96 3051 240 3118 Stahlius
270 3053 480 3139 interpretum
512 3077 584 3121 cum
615 3076 770 3122 consensu
801 3077 841 3123 ex
871 3055 962 3122 libris
995 3056 1048 3121 Ar.
1071 3060 1104 3121 et
1126 3054 1198 3121 Obr.
1222 3053 1365 3119 correxit

96 3170 218 3248 plana,
243 3192 340 3256 quam
362 3173 532 3240 lectionem
547 3173 667 3241 referre
684 3176 775 3242 video
791 3175 935 3242 Vallam:
964 3180 1228 3259 „propterquam
1244 3191 1361 3238 unam

97 3289 289 3374 magistratu
310 3292 345 3357 in
368 3292 401 3358 id
424 3293 577 3378 temporis
600 3293 859 3379 permansisset.'’

141 3407 165 3498 ξ
189 3408 219 3475 5.
243 3408 335 3496 Vulg.
363 3412 377 3476 ὂ
400 3437 434 3477 τε
456 3412 538 3478 Λέων
560 3413 609 3478 καὶ
633 3414 647 3478 ὅ
671 3414 814 3491 Διομέδων
837 3415 936 3484 αὐτοῖς
960 3417 1030 3485 ναῦς
1058 3436 1153 3492 τινας,
1177 3410 1284 3475 ὁπότε
1307 3433 1363 3476 ποι

97 3526 238 3593 πλέοιεν
262 3529 477 3596 κατέλειπον
507 3538 660 3615 φολακας.
697 3529 862 3598 Sententia
885 3529 972 3596 ὂπδτε
996 3553 1043 3596 ποι
1067 3529 1179 3595 πλέοιεν
1204 3527 1303 3607 facil,
1326 3535 1364 3597 ut

97 3647 192 3714 modo
223 3648 461 3736 imperfectum,
496 3649 685 3732 κατέλειπον,
717 3649 862 3734 quadret
908 3650 935 3715 B
965 3655 999 3716 et
1028 3649 1172 3715 nonnulli
1204 3648 1258 3715 alii
1288 3646 1364 3713 libri

91 3788 264 3853 perverse:
288 3769 454 3836 κατέλιπον.
477 3769 571 3837 Valla
593 3770 756 3854 vulgatam
778 3769 896 3847 tradit;
925 3767 1066 3850 „Quibus
1081 3768 1171 3836 Leon
1187 3774 1220 3834 et
1237 3766 1362 3833 Diome·

97 3887 177 3968 (lon,
200 3889 327 3972 quoties
350 3889 459 3971 alique
482 3888 693 3975 navigabant,
717 3887 803 3955 soliti
826 3892 919 3954 erant
942 3885 1082 3970 aliquid,
1113 3885 1240 3952 nauum
1257 3888 1362 3950 custo-

98 4005 250 4073 diendum
272 4006 483 4091 relinquere’'.

140 4124 165 4215 ξ
188 4125 218 4190 6.
241 4124 332 4210 Vulg.
355 4123 548 4207 περιεγένοντο
570 4126 601 4192 οἱ
624 4131 680 4191 τῶν
704 4126 826 4202 Σαμίαν
848 4125 1022 4196 πλείονες.
1046 4122 1161 4197 Recte,
1187 4120 1212 4183 ri
1230 4117 1361 4192 πλείονες

95 4244 191 4312 iidem
225 4250 317 4325 suut,
353 4245 408 4330 qui
437 4245 528 4312 initio
558 4242 755 4330 paragraphi
785 4262 862 4309 voce
892 4246 990 4316 αὐτοῖς
1019 4239 1218 4315 indicantur,
1250 4237 1284 4305 id
1312 4243 1362 4304 est

96 4364 235 4450 populus
267 4363 392 4431 Samius
420 4362 475 4453 (cf.
498 4362 522 4453 ξ
546 4364 566 4430 3
589 4370 648 4436 τοῖς
677 4361 706 4426 δὲ
728 4362 856 4427 πλείοσιν
878 4361 1006 4443 ὥρμηντο
1028 4359 1228 4446 ἐπιτίθεσθαι).
1263 4355 1359 4425 Valla
