3098 4988
757 277 811 359 38²

148 516 257 596 Valla:
284 527 414 613 „Neqm
436 527 520 594 enim
539 527 610 613 jam
632 528 678 595 eis
701 527 745 594 de
770 528 892 596 salute
916 529 1189 616 sna1)tuenda
1212 551 1292 598 cura
1314 520 1415 601 eracl.

147 645 237 732 Opus
260 666 324 714 non
347 652 397 714 est
419 645 578 714 disserere
601 646 642 713 de
658 646 729 713 Van
746 656 779 714 et
793 647 906 715 Vallae
928 649 1146 735 praestantia,
1171 669 1244 716 cum
1264 651 1316 717 vel
1331 671 1414 720 sana

145 767 230 835 ratio
261 766 423 852 vulgatam
449 766 625 834 convincas
660 766 770 834 Verba
792 768 877 834 enim
900 767 1033 838 laudata
1056 770 1227 855 quominus
1250 769 1292 837 de
1315 769 1413 839 Athe-

145 886 309 953 niensibns
333 885 546 971 accipiantur,
570 884 680 952 obstat
702 885 805 952 altera
828 887 1006 955 sententiae
1029 909 1124 974 pars:
1151 889 1237 956 ἄλλον
1262 890 1314 956 aci
1336 888 1411 964 ύιιωι

145 1006 266 1078 ἕκεύνονς
290 1004 459 1090 κωλύσωσι,
482 1003 642 1086 νομίζοντες
652 1053 753 1082 .....
782 1005 805 1070 εἰ
829 1005 956 1072 δύναιντο
980 1015 1124 1085 κοκσήσννι
1143 1008 1300 1084 Ἀύήνούων
1315 1034 1349 1075 σε
1365 1009 1412 1075 κού

145 1129 201 1190 τῶν
230 1121 400 1204 ξυμμάχων
429 1121 479 1188 κού
501 1123 583 1188 κοντοὶ
607 1131 664 1200 νήν
686 1123 737 1188 κού
760 1125 842 1190 κοντοὶ
865 1125 1031 1212 idumeae,
1054 1129 1146 1194 καλὸν
1167 1127 1270 1207 σφίσιν
1293 1129 1323 1201 ἐς
1345 1129 1411 1202 σούς

141 1242 294 1318 Ἐλλήνων
318 1242 351 1308 rd
375 1242 532 1320 ύμύνισμσι
555 1244 724 1326 φωνεῖσύοιι.

189 1497 296 1585 Caput
318 1498 360 1565 57
393 1502 413 1583 ξ
439 1499 467 1564 1.
490 1497 579 1583 Vulg.
605 1497 753 1579 ἑκύσσννι,
776 1499 804 1564 Β
826 1499 911 1567 idem
934 1499 1049 1585 refert,
1073 1500 1129 1567 sed
1153 1501 1407 1588 superscriptum

142 1616 276 1696 isauros,
300 1637 384 1702 quae
407 1637 483 1683 vera
505 1622 554 1684 est
576 1618 679 1684 lectio.
725 1619 773 1685 De
797 1617 893 1685 Valla
915 1618 994 1684 nihil
1019 1624 1156 1687 constat.

187 1736 268 1803 Ibid.
290 1735 380 1823 Vulg.
403 1736 521 1820 οὶνύγκή
544 1742 649 1822 recte,
671 1749 694 1803 Β
717 1737 860 1816 aaaron

187 1859 208 1940 ξ
231 1855 261 1920 4.
285 1853 375 1940 Vulg.
400 1853 511 1920 ἀπὸδὲ
535 1856 624 1931 νήσων
647 1862 722 1922 Κεῖον
745 1855 795 1920 κού
813 1855 940 1938 ’Ἄνδριοι
963 1855 1012 1921 κού
1037 1858 1140 1936 Τήϊον,
1173 1855 1201 1922 Β
1224 1861 1312 1925 recte

142 1975 248 2050 Τήνιοι.
271 1972 382 2041 Valla:
408 1973 468 2055 „ab
492 1973 606 2041 insulis
630 1973 703 2056 cei,
726 1974 863 2056 Andrei‚
887 1975 964 2042 Teii.

186 2092 267 2160 Cum
289 2092 371 2159 Teos
393 2092 499 2158 insula
523 2097 627 2161 exstet
648 2093 754 2174 nulls,
777 2093 881 2162 ‘Ionos
905 2099 1012 2162 autem
1034 2095 1118 2161 inter
1142 2093 1300 2180 Cyclades
1319 2094 1405 2164 inve·

141 2211 259 2292 piatur,
285 2211 360 2296 jure
390 2208 473 2277 fiber
502 2210 529 2276 B
560 2211 638 2296 legit
660 2212 774 2293 Τήνιοι,
803 2213 888 2297 quod
913 2211 1065 2280 debemus
1089 2213 1262 2281 correctori
1277 2215 1326 2301 ὓ),
1350 2216 1405 2301 qui

140 2329 359 2415 praemonitus
382 2327 487 2395 verbis
510 2328 570 2393 ύνιο
593 2328 622 2394 δὲ
645 2331 733 2405 νήσων
755 2329 862 2397 locum
885 2331 1019 2398 sanant.
1054 2331 1101 2397 De
1124 2330 1351 2402 emendatione
1370 2340 1406 2402 ut

139 2447 313 2534 cogitemus
337 2446 452 2513 suadet
475 2445 494 2511 1.
511 2445 591 2512 VIII
607 2468 634 2513 c.
658 2448 700 2513 69
723 2444 748 2536 ξ
771 2448 809 2535 3,
840 2447 896 2514 obi
919 2449 1060 2516 eiusdem
1084 2447 1209 2518 insulae
1231 2452 1355 2520 incolas
1378 2452 1406 2519 Β

138 2587 308 2652 perperam
332 2565 476 2651 appellat
498 2565 604 2645 Τήϊον,
621 2565 785 2652 negligens
801 2566 913 2634 tollere
929 2567 1093 2651 mendam,
1111 2590 1176 2654 qua
1186 2567 1281 2637 Valla
1297 2578 1405 2640 vacat.

183 2691 203 2770 ξ
226 2687 257 2753 4.
281 2685 372 2771 Vulg.
395 2680 471 2763 ύμως
492 2684 588 2757 Ἴωνές
611 2710 666 2761 σε,
691 2696 713 2750 Β
740 2683 817 2762 ὅμως
835 2685 931 2758 Ἴωνές
955 2709 1002 2763 γε.
1030 2685 1128 2754 Valla
1151 2685 1230 2753 nihil
1254 2686 1350 2756 docel
1367 2690 1409 2756 de

137 2807 226 2872 varia
247 2805 401 2883 lectione;
425 2803 654 2871 consuetudine
677 2825 737 2871 sua
758 2829 797 2883 γε
820 2826 885 2872 non
908 2805 1067 2891 expressit
1081 2806 1120 2892 3).

181 2922 260 3014 §d
292 2924 384 3010 Vulg.
415 2925 462 2989 ἐπὶ
492 2935 532 2991 Λ.
567 2923 647 2989 dulc
680 2926 819 3008 ἔφερον,
851 2926 1088 3009 Βὲιιὲφερον,
1122 2924 1211 3010 quod
1239 2925 1335 3011 vulgo
1367 2924 1408 2992 de

138 3045 237 3130 signis
259 3043 434 3111 inferendis
457 3048 640 3129 usurpatur.

182 3168 202 3247 ξ
227 3166 255 3231 7.
278 3162 369 3249 Vulg.
403 3170 458 3229 τῶν
488 3188 526 3229 σε
556 3162 619 3244 περὶ
651 3163 864 3239 Πελονιύννήσον
895 3170 1035 3240 νησιωτῶν
1058 3171 1253 3249 Κεφιινιλήνες
1277 3164 1332 3242 μὲν
1355 3165 1406 3232 κού

136 3283 299 3366 Ζννκύνύιοι,
330 3296 352 3349 Β
382 3289 438 3348 τῶν
468 3283 506 3348 δὲ
535 3283 598 3362 περὶ
628 3285 690 3349 uri.
737 3281 817 3349 (lum
846 3282 976 3369 vulgata
1005 3290 1092 3352 recte
1122 3283 1219 3362 facit,
1242 3284 1277 3350 ni
1299 3284 1404 3364 fallor,

135 3401 246 3470 Valla:
273 3402 517 3484 „Insulanorum
539 3423 665 3488 quoque
689 3403 775 3470 circo
797 3402 1050 3488 Peloponnesum
1066 3409 1158 3470 erant
1174 3402 1406 3489 Cephallcnses

139 3526 256 3607 „atque
279 3519 477 3608 Zacynthii'.

179 3638 258 3730 ξὸ.
282 3640 374 3726 vulg,
404 3641 454 3707 κού
485 3643 510 3707 οἱ
539 3643 695 3718 Μεσσήνιοι
726 3647 774 3707 νῦν
803 3639 973 3721 κοινούμενον
1004 3644 1037 3708 ἐν
1067 3642 1274 3724 Novariam
1298 3643 1349 3708 nai
1373 3645 1406 3710 ἐκ

136 3849 378 3862 ...-.-..---

167 3983 197 4050 l)
213 3981 298 4040 Αἴνιος
315 3995 330 4031 a
347 3979 422 4030 Valla
438 3981 593 4044 pronomine
611 3967 733 4031 celleriuo
750 3980 882 4031 redditum
899 3994 969 4046 esse,
987 3980 1114 4032 discImus
1131 3983 1223 4033 eadem
1237 3984 1404 4049 paragrapho

135 4082 163 4131 in
186 4080 272 4132 verbis
294 4075 338 4127 uui
356 4073 431 4126 adrui
451 4073 570 4141 δόξαντες
588 4074 663 4126 ον’ύσιοι
682 4074 766 4125 οιύσύν
784 4070 857 4141 εἶναι,
876 4090 944 4140 quae
962 4077 1040 4127 vertit
1057 4075 1145 4128 Vallar
1169 4076 1270 4142 „Cuius
1287 4079 1350 4128 Iacli
1368 4095 1404 4130 se

134 4182 253 4228 auctores
270 4189 328 4240 sqq.

157 4264 195 4337 ’9)
212 4271 280 4322 conl.
296 4269 377 4335 praef.
394 4283 453 4335 pag.
470 4266 515 4320 VI.

166 4365 194 4431 3)
211 4365 239 4418 cf
261 4364 310 4417 VII
328 4364 371 4430 14,
390 4364 414 4417 4.
431 4363 476 4428 15,
494 4360 522 4428 1,
542 4361 587 4428 28,
608 4358 624 4411 3
641 4361 706 4428 (bis)
723 4361 768 4430 40,
786 4361 803 4412 2
820 4366 846 4414 el
863 4362 943 4429 praei.
960 4377 1018 4431 pag.
1035 4362 1078 4416 VI.
