3098 4988
820 360 864 425 54

251 598 330 693 §4
360 601 453 686 Vulg.
485 605 572 668 recte
604 599 820 679 προελθόντες,
855 611 877 664 Β
907 598 1137 678 προσελθόντες.
1173 597 1270 664 Valla
1300 598 1475 682 respondet

207 722 373 807 vulgatae:
400 741 518 805 „quum
540 719 650 805 viginti
675 718 802 786 circiter
824 717 931 785 stadia
955 716 1214 802 processissent”.

251 839 333 909 lbid.
351 840 378 905 B
393 840 476 907 male
492 839 611 906 omittit
626 837 663 921 ᾖ,
680 837 766 924 quod
782 835 870 923 apud
886 836 1014 903 Vallum
1030 837 1166 903 relatum
1184 836 1342 903 iuvenitur
1362 837 1476 922 ‚,qua’'.

253 965 273 1043 ξ
297 961 326 1027 6.
356 958 447 1045 Vulg.
470 961 495 1024 οἱ
518 964 575 1024 τῶν
597 958 779 1039 Συρακοσίων
805 956 854 1021 κα)
877 955 1049 1038 ξυμμάχων
1072 958 1178 1028 αὐτοὺς
1200 958 1294 1032 ἱππῆς
1318 956 1369 1021 καῖ
1393 960 1477 1023 άκον-

207 1080 306 1145 τισταῖ
337 1077 415 1152 θντες
446 1079 547 1144 πολλοὶ
580 1078 707 1156 ἑκάτεροι
738 1076 869 1143 ἐκώλυον.
916 1076 943 1141 Β
974 1097 1032 1161 pro
1064 1075 1191 1157 ἐκάτεοοι
1213 1075 1349 1161 praebet
1373 1078 1476 1144 ἐκατέ-

207 1200 306 1279 ρωθεν,
330 1198 422 1265 unice
445 1218 570 1284 verum,
594 1201 632 1263 ut
653 1197 751 1264 etiam
775 1195 884 1262 Vella:
911 1197 1082 1282 „utrinque
1105 1195 1401 1281 obequitantibus’'.

253 1435 359 1521 Caput
382 1435 424 1501 79
446 1432 471 1523 ξ
496 1435 525 1499 1.
548 1432 641 1518 Vulg.
665 1439 698 1500 et
719 1447 741 1500 B
765 1432 814 1500 eal
838 1433 998 1511 ἐβιάσαντο
1022 1433 1090 1515 ποθι
1115 1434 1163 1500 rte
1181 1433 1273 1517 λθφον
1292 1436 1410 1500 ἐλθεῖν
1429 1433 1478 1499 τὸν

208 1553 494 1634 ἀποτετειχισμένον.
542 1551 736 1631 Quaestione
771 1551 811 1618 de
841 1552 930 1619 uerbi
965 1552 1056 1617 ε’λθεῖν
1092 1552 1275 1619 sinceritate
1305 1552 1340 1618 in
1371 1551 1477 1620 medio

208 1675 337 1755 relicta,
373 1671 487 1739 Stahlii
518 1671 624 1757 gratia
655 1671 874 1738 animadverto
905 1692 955 1737 me
986 1692 1051 1738 nou
1081 1671 1205 1749 ridere,
1236 1671 1396 1756 quomodo
1430 1672 1479 1738 rir

209 1792 323 1860 doctus
345 1791 528 1859 existimare
552 1789 654 1875 possit
677 1788 804 1856 Vallam
828 1789 973 1856 omisisse
996 1791 1086 1854 ἐλθεῖν
1109 1794 1304 1857 vertentem:
1332 1789 1381 1873 „vi
1404 1809 1477 1874 per-

209 1910 329 1977 vadunt
364 1908 406 1976 ad
441 1906 627 1977 tumulum’'.
681 1907 820 1973 Dubium
854 1905 978 1973 nullum
1007 1927 1077 1974 esse
1108 1911 1233 1992 potest,
1263 1927 1315 1973 me
1346 1906 1477 1992 quidem

205 2029 330 2116 judice,
354 2028 433 2113 quin
455 2026 550 2094 Valla
571 2025 622 2110 id,
645 2024 732 2110 quod
755 2030 805 2092 est
820 2025 995 2112 ἐβιάσαντο,
1020 2023 1214 2110 expresserit
1227 2044 1286 2109 per
1304 2023 1384 2111 „ui'‘‚
1403 2045 1475 2091 cum

209 2151 300 2215 ἐλθεῖν
322 2149 344 2213 i.
369 2168 396 2213 e.
421 2146 518 2214 eundi
541 2145 628 2213 notio
651 2145 834 2231 reperiatur
855 2144 889 2209 in
915 2141 1141 2229 ‚,perradunt’'.

252 2266 277 2357 ξ
300 2270 332 2336 2.
356 2266 451 2352 Vulg.
475 2269 506 2331 οὑ
527 2265 675 2342 δυνάμενοι
697 2263 859 2342 βιάσασθαι
875 2262 1064 2349 άνεχάρουν,
1088 2275 1110 2328 Β
1128 2262 1268 2330 deterius
1283 2263 1349 2328 άπέ
1355 2287 1476 2346 χαρουν.

209 2387 304 2454 Valla
326 2391 413 2453 recte
439 2389 545 2464 „retro
571 2402 605 2449 se
628 2376 848 2466 receperuut’'.

252 2504 277 2596 ξ
301 2508 331 2572 3.
363 2502 455 2588 Vulg.
488 2503 594 2583 ἔτυχον
617 2500 646 2566 δὲ
670 2499 719 2564 καὶ
742 2496 861 2579 βρονταὶ
885 2522 959 2571 τινες
982 2496 1050 2575 άιια
1073 2496 1229 2576 νενθμεναι
1253 2499 1304 2564 καὶ
1327 2498 1408 2583 ὕδωρ.
1454 2514 1476 2567 Β

208 2647 268 2711 pro
298 2625 327 2689 u
354 2621 455 2689 habet
476 2623 553 2702 γάρ,
577 2619 663 2706 quod
686 2639 800 2704 parum
823 2638 857 2684 se
881 2617 1093 2685 commendat.
1140 2618 1254 2686 Pulcra
1278 2620 1330 2686 hic
1354 2620 1430 2688 libri
1453 2634 1475 2687 B

209 2750 326 2810 natura
360 2745 513 2827 apparet,
550 2745 586 2805 ut
617 2738 714 2804 etiam
744 2735 869 2804 duobus
899 2737 1042 2804 versibus
1073 2745 1164 2823 post,
1196 2739 1251 2805 ubi
1273 2740 1389 2806 iterum
1413 2743 1477 2822 γάρ

209 2868 338 2949 practer
369 2859 593 2928 necessitatem
615 2857 736 2924 inserit
783 2855 843 2936 Qui
868 2857 952 2924 euim
974 2855 1044 2922 fieri
1069 2864 1192 2943 potest,
1216 2860 1293 2944 quin
1316 2861 1377 2940 eote
1402 2868 1477 2946 post

208 2984 314 3065 ἔτυχον
337 3003 358 3048 a
380 2977 570 3046 correctoris
593 2996 691 3042 mauu
715 2975 907 3060 minimeque
931 2996 949 3041 e
971 2974 1054 3042 libro
1078 2977 1252 3064 archetypo
1268 2981 1476 3047 emanaverit.

208 3101 343 3187 Saepius
374 3111 395 3164 Β
426 3095 532 3162 varias
563 3092 698 3180 praebet
726 3092 898 3179 lectiones,
923 3114 1006 3178 quae
1029 3099 1137 3162 utrum
1161 3098 1309 3181 scriptori
1332 3098 1394 3183 ipsi
1418 3100 1472 3166 de—

208 3222 345 3287 beantur
376 3235 476 3283 uecue
511 3219 623 3280 nostra
649 3217 756 3278 aetate
780 3213 949 3278 decernere
973 3233 1169 3298 nequeamus
1193 3215 1232 3283 cf.
1257 3237 1356 3301 supra
1380 3239 1407 3284 c.
1434 3219 1475 3283 78

208 3338 233 3429 ξ
256 3340 286 3403 2.
326 3334 431 3403 Semel
453 3334 632 3417 iterumque
648 3329 886 3398 emendatorem
902 3330 1106 3399 manifestum
1123 3332 1363 3418 deprehendere
1378 3336 1473 3421 licet,

208 3464 245 3525 ut
277 3462 387 3522 nostro
410 3454 499 3533 loco,
522 3451 577 3519 ubi
600 3451 660 3532 γάρ
683 3449 812 3516 omniuo
836 3447 921 3516 ferre
943 3469 1008 3516 non
1030 3471 1200 3536 possumus
1222 3457 1354 3538 propter
1376 3453 1476 3520 verbu

208 3577 266 3659 σάφ’
298 3572 334 3641 ὧν
357 3576 381 3640 οἱ
404 3574 546 3648 Ἀθηναῖοι
568 3572 684 3648 μάλλον
708 3569 749 3633 ἐτι
773 3566 905 3645 ἠθύμουν.
950 3565 1045 3634 Valla
1066 3568 1213 3636 liberiusr
1241 3590 1359 3654 „quum
1382 3593 1476 3658 prae·

209 3696 318 3765 sertim
353 3691 525 3760 existerent
552 3686 674 3773 puriter
698 3691 731 3752 et
752 3684 871 3750 imbres
895 3684 1000 3769 qualis
1024 3686 1101 3751 anni
1124 3692 1268 3772 tempore
1290 3689 1324 3753 in
1348 3695 1474 3758 autum-

208 3838 284 3884 num
310 3815 379 3900 jam
409 3791 558 3894 vergente
587 3806 658 3874 fieri
688 3825 895 3873 consuevere:
927 3803 1013 3871 unde
1040 3805 1183 3873 exterriti
1214 3813 1290 3872 sunt
1320 3827 1358 3874 eo
1382 3807 1476 3874 rahe·

209 3935 347 4001 mentius
381 3928 591 3996 Athenienses
623 3924 708 4010 quod
733 3923 953 3991 existimarent
974 3923 1007 3989 in
1031 3944 1123 3989 suum
1147 3925 1267 3991 exitum
1290 3925 1354 3992 ista
1378 3926 1475 3993 etiam

209 4053 318 4123 omnia
338 4048 437 4118 fieri'‘.

252 4170 277 4261 ξ
306 4170 339 4236 4.
370 4168 463 4254 Vulg.
496 4162 724 4241 deseseruisse
755 4162 779 4225 δ’
811 4162 907 4227 αὐτῶν
936 4161 950 4225 e‘
977 4159 1126 4235 reiterare
1162 4164 1211 4228 eal
1247 4165 1272 4230 ol
1304 4165 1472 4246 Συρακάσιοι

208 4289 365 4368 τέαιισυσι.
410 4299 433 4353 Β
464 4284 549 4353 omni
578 4286 835 4351 sensu'vacuam
857 4278 1051 4363 particulam
1073 4280 1123 4346 καῖ
1147 4281 1239 4349 addit
1261 4290 1336 4351 ante
1360 4288 1474 4366 αὐτῶν,

209 4430 230 4475 a
252 4406 346 4475 Valla
368 4404 527 4473 omissam.
