3098 4988
685 319 748 387 119

68 565 184 641 πρῶτον
215 560 243 633 ἐς
276 562 328 636 τὴν
359 560 461 626 Πύκνα
492 561 672 636 καλουμένην
704 579 755 624 me
782 559 890 644 judice
922 557 1051 624 omnino
1083 553 1161 631 αὖθις
1185 579 1243 643 pro
1267 558 1347 630 εὐθὺς

69 698 147 743 esse
170 677 349 762 legendnm.
397 678 488 756 Quod
512 679 572 745 nisi
595 678 763 745 fecerimus
786 676 909 744 frustra
932 699 1081 766 causam,
1109 700 1165 745 cur
1189 678 1233 745 sit
1256 677 1347 744 addi-

69 802 143 862 tum
167 803 294 879 πρῶτον,
320 797 502 882 excogitare
526 796 722 865 conabimur.
745 798 895 879 Accedit,
920 804 956 865 ut
979 798 1139 865 lucremur
1156 799 1348 865 sententiam

69 914 228 982 historiae
250 915 467 999 aptissimam:
491 916 552 983 hoo
575 937 690 1002 nempe
716 923 835 1002 puncto
852 917 1006 1001 temporis
1021 937 1198 1002 paucorum
1213 917 1348 1003 imperio

70 1034 213 1113 abolito,
244 1056 356 1102 rursus
387 1036 557 1104 conciones
588 1042 663 1103 sunt
693 1035 822 1103 habitae
854 1037 884 1101 ἐν
915 1045 952 1118 τῇ
981 1038 1088 1116 Πυκνί,
1112 1036 1166 1102 ubi
1191 1043 1224 1102 et
1247 1043 1346 1103 antea

73 1153 217 1239 populus
242 1153 439 1236 ἐκκλησιάζειν
464 1154 597 1222 solebat.

119 1272 202 1340 Ibid.
226 1272 317 1358 Vulg.
349 1274 456 1352 μετρία
490 1274 549 1356 γὰρ
573 1274 591 1351 ἶς’
614 1301 653 1340 τε
676 1277 706 1346 ἐς
730 1277 795 1346 τοὺς
821 1274 936 1354 ὀλίγους
960 1274 1009 1339 καὶ
1033 1275 1099 1347 τοὺς
1123 1275 1250 1346 πολλοὺς
1273 1273 1347 1353 ξύρ-

70 1416 174 1473 κρασος
205 1392 320 1468 ἐγένετο
347 1393 396 1457 καὶ
421 1394 499 1472 κοὲ.;
530 1394 558 1459 Β
582 1395 659 1480 legit
682 1393 699 1469 ἶς’
721 1419 759 1472 ys
783 1402 915 1461 etanta
938 1397 1004 1467 τοὺς
1028 1395 1155 1466 πολλοὺς
1179 1394 1276 1461 habet
1300 1397 1346 1475 ε’ς;

69 1513 108 1578 in
138 1515 274 1596 utraque
305 1521 413 1578 autern
445 1534 480 1578 re
511 1513 686 1580 Vaticanus
717 1535 782 1580 non
813 1520 862 1581 est
894 1514 1074 1580 audiendus
1104 1535 1177 1580 oum
1200 1515 1238 1591 νέ
1267 1513 1347 1579 nihil

71 1628 233 1716 significet
262 1652 366 1716 neque
396 1631 578 1698 iterandum
603 1633 645 1698 sit
666 1635 714 1719 ἐς,
739 1632 826 1717 quod
848 1632 1031 1698 faciendum
1056 1632 1170 1698 saltem
1194 1637 1294 1713 esset,
1318 1633 1346 1697 si

70 1757 106 1816 et
129 1754 204 1816 ante
227 1752 257 1823 ἐς
278 1751 345 1823 τοὺς
368 1751 482 1829 ὀλίγους
507 1756 649 1818 exstaret
670 1751 720 1816 καί
746 1751 785 1818 cf.
808 1749 832 1839 ᾗ
856 1752 885 1818 3.
925 1751 1021 1818 Valla
1044 1751 1122 1817 nihil
1145 1773 1203 1818 nos
1228 1751 1347 1819 dooere

69 1872 181 1953 potest
213 1868 380 1950 „videntur
410 1870 487 1935 mihi
514 1869 727 1937 Athenienses
751 1891 816 1936 non
838 1891 954 1954 parum
983 1869 1148 1938 commode
1171 1870 1346 1954 rempubli-

72 2009 145 2054 cam
169 1987 432 2067 administrasse,
457 1989 541 2057 inter
565 1995 734 2074 utramque
757 1989 930 2057 factionem
953 2010 1131 2074 paucorum
1153 1995 1186 2056 et
1201 1990 1346 2057 multitu·

71 2107 176 2187 dinis,
201 2108 235 2174 in
258 2129 356 2175 unam
380 2109 561 2196 redactam,
586 2109 712 2195 egregio
736 2109 1022 2195 temperamento”.

119 2233 140 2312 ξ
165 2229 195 2295 3.
219 2227 311 2313 Vulg.
335 2229 587 2295 διεκελεύοντο
614 2230 808 2295 ἐνθάπτεσθαι
824 2237 879 2294 τῶν
895 2230 1094 2308 πραγμάτων.
1118 2227 1348 2295 Βδοακελεύ-

71 2372 196 2428 ονταο,
229 2348 316 2433 quod
339 2354 472 2434 propter
495 2349 691 2435 praecedens
714 2350 901 2431 ἐψηφίσαντο
924 2357 973 2417 est
997 2349 1216 2435 rejiciendum.
1251 2349 1348 2415 Valla

73 2467 157 2533 nihil
191 2468 344 2535 certiores
371 2489 430 2536 nos
453 2468 547 2535 facit:
584 2469 793 2537 decreverunt
816 2476 848 2536 et
871 2471 913 2537 ad
936 2491 1009 2536 eum
1032 2469 1130 2535 etad
1153 2468 1269 2535 milites
1292 2468 1347 2552 qui

74 2608 148 2652 cum
173 2607 212 2654 eo
235 2588 269 2653 in
293 2587 390 2655 Samo
413 2595 521 2656 essent
543 2589 750 2667 mittendum,
771 2589 920 2674 jubentes
944 2595 980 2654 ut
1001 2588 1043 2655 ad
1059 2588 1347 2655 administrandam

71 2707 306 2792 rempublicam
329 2707 530 2775 accederet”.

119 2951 227 3036 Caput
250 2952 293 3017 98
316 2950 341 3042 ξ
367 2953 394 3018 1.
418 2950 510 3037 Vulg.
539 2954 589 3016 Ἐν
612 2952 641 3016 δὲ
665 2961 701 3032 τῇ
723 2952 882 3034 μεταβολῇ
906 2951 1001 3035 ταύτῃ
1030 2952 1134 3024 εὐθὺς
1158 2951 1182 3014 οἱ
1206 2952 1259 3027 μὲν
1282 2951 1345 3031 περὶ

70 3071 122 3138 τὸν
145 3071 317 3152 Πείσανδρον
424 3069 633 3150 ὑπεξέρχονταν
653 3073 681 3143 ἐς
697 3074 749 3147 τὴν
767 3072 943 3149 honitatem
967 3083 989 3136 B
1006 3070 1088 3143 εὐθὺς
1105 3089 1254 3153 perverse
1271 3073 1346 3134 ante

72 3190 285 3272 ὑπεξέρχονταν
320 3190 465 3258 collocat.
511 3190 606 3258 Valla
636 3197 738 3258 recte:
774 3192 883 3279 „Inter
906 3191 989 3256 hanc
1014 3191 1123 3256 statim
1146 3209 1254 3254 rerum
1277 3210 1345 3254 mu-

73 3309 233 3378 tationem
256 3308 412 3375 Pisander
429 3360 496 3376 ....
523 3330 594 3375 curn
618 3310 684 3376 suis
702 3331 819 3377 ....se
841 3310 876 3374 in
899 3309 1070 3376 Deceleam
1094 3307 1345 3376 subduxerunt‘’.

119 3437 140 3514 ξ
165 3432 196 3499 3.
221 3430 315 3516 Vulg.
339 3432 530 3503 κάκείνους
554 3432 600 3496 δεῖ
620 3439 748 3504 Βοιωτοῖς
771 3435 804 3497 τὸ
827 3433 930 3511 χωρίον
954 3430 1141 3511 παραδοῦναί.
1165 3441 1186 3494 Β
1210 3430 1271 3493 καί
1294 3432 1346 3493 κοί·

72 3554 179 3625 κείνους
212 3551 337 3619 soloece
370 3552 499 3618 dictum.
547 3552 642 3618 Valla
674 3573 747 3618 oum
770 3553 915 3635 vulgata:
946 3549 1082 3632 „debere
1106 3555 1140 3615 et
1161 3549 1249 3634 ipsos
1273 3567 1345 3614 eum

71 3672 178 3740 locum
202 3671 331 3738 tradere
353 3669 518 3738 Boeotis”.

118 3912 226 3996 Caput
249 3913 292 3977 99
316 3909 340 4001 ξ
360 3912 390 3977 2.
413 3910 508 3996 Vulg.
528 3912 660 3992 πρότερον
673 3960 681 3976 .
696 3957 703 3970 ·
718 3960 724 3977 .
739 3962 745 3976 .
758 3910 913 3975 ἑκκαίδεκα
929 3912 958 3980 ἐς
975 3910 1063 3975 αὐτὸν
1079 3917 1142 3983 νῆες
1158 3907 1344 3972 ἐπέπλευσαν

72 4031 137 4098 καί
162 4040 215 4106 τῆς
240 4032 415 4110 Χερσονήσου
435 4057 463 4096 το
488 4031 571 4112 μέρος
599 4031 779 4110 κατέδραμον
804 4029 849 4095 sio
872 4034 906 4095 et
928 4027 1038 4094 Valla:
1065 4047 1149 4110 „quo
1172 4027 1262 4111 prius
1284 4045 1343 4109 per

71 4150 156 4218 hanc
180 4148 316 4215 eandem
340 4153 496 4216 aestatem
521 4149 686 4217 duodecim
711 4147 795 4214 aliae
818 4168 915 4213 naves
940 4151 1181 4231 concesserant,
1207 4149 1247 4209 et
1268 4164 1343 4226 par-

70 4275 135 4337 tem
171 4269 334 4354 quandam
366 4267 557 4337 Cherronesi
587 4268 824 4336 incursionibus
853 4266 1069 4334 infestaveran
1084 4264 1111 4330 ''.
1147 4277 1169 4330 Β
1197 4260 1235 4327 αἳ
1264 4263 1342 4340 καί,

72 4391 161 4478 quod
185 4389 358 4457 Olassenus
382 4391 510 4459 omniuo
533 4390 749 4459 necessarium
774 4410 844 4457 esse
868 4394 986 4455 censet.
1010 4386 1166 4472 Equidem
1182 4384 1215 4452 in
1232 4383 1343 4450 addito
