3098 4988
826 348 890 412 114

264 582 288 675 ξ
312 586 340 652 3.
363 585 453 672 Vulg.
477 590 536 654 dcl
559 597 611 662 rie
635 590 710 658 Λᾶς
735 596 835 657 recte:
860 601 882 654 Β
906 591 993 658 Aac.
1018 588 1114 656 Valla
1136 593 1169 654 el
1192 587 1245 655 hic
1261 596 1295 656 et
1313 588 1496 675 superioris

221 705 337 788 capitis
358 703 383 795 ξ
406 708 427 772 2
449 708 490 775 de
513 709 575 777 hae
597 709 677 777 urbe
701 711 891 778 mentionem
913 709 994 777 facit
1014 708 1137 775 nullam
1159 729 1232 774 cnm
1254 707 1381 775 duobus
1398 708 1497 777 libris

220 825 307 893 haud
329 830 449 915 pejoris
471 837 568 899 notae
591 830 643 917 (G.
660 831 715 916 M.)
737 832 891 898 exhibens
905 832 967 897 aaa
982 839 1034 906 τῆς
1050 829 1366 907 Λακεδανμρνίαςῑ
1388 831 1500 910 „elas-

218 945 263 1012 sis
286 966 307 1012 a
329 945 569 1017 Lacedaemone
588 952 657 1036 jam
681 949 922 1017 circumvecta'’.
972 949 1062 1016 Sitne
1085 948 1224 1016 fortasse
1246 952 1317 1022 Λῖα
1338 969 1496 1034 compen-

218 1063 306 1130 dium
328 1064 440 1133 Vallae
463 1068 631 1148 lectionis,
655 1090 770 1154 rogare
794 1069 912 1135 velim?

263 1182 343 1250 Ibid.
368 1185 460 1272 Vulg.
484 1186 726 1272 Ἀριστοκρατνρς;
749 1190 776 1254 Β
801 1188 973 1256 articulum
996 1187 1097 1255 addit.

264 1306 289 1392 ξ
311 1303 342 1370 4.
366 1304 458 1390 Vulg‚
482 1304 657 1382 Ἀλεξικλέα
677 1309 905 1386 ...palan-m
921 1308 988 1386 πρὸς
1006 1307 1071 1381 τοὺς
1089 1308 1215 1388 ἑταίρους
1231 1307 1500 1386 τετραμμένον.

220 1421 247 1487 Β
277 1422 360 1491 falso
390 1424 623 1503 τεταγμένον.
678 1424 764 1493 Nihil
795 1426 945 1494 discimus
977 1448 1016 1493 ex
1046 1424 1157 1512 Valla,
1190 1426 1246 1510 qui
1278 1446 1398 1510 graeca
1432 1448 1500 1494 ncn

219 1543 390 1611 intellexit:
415 1544 710 1632 „comprehendunt
733 1545 906 1612 Alexiclem
926 1546 1011 1613 inter
1034 1545 1174 1630 collegas
1191 1549 1296 1612 status
1311 1566 1498 1629 paucorum

220 1663 396 1749 praecipua
418 1663 573 1747 dignitate
597 1663 809 1748 praeditum''.

264 1782 289 1875 ξ
311 1784 343 1851 5.
367 1783 460 1870 Vulg.
485 1790 540 1850 τῶν
563 1784 723 1866 περιπόλων
746 1810 798 1857 τις.
838 1784 1028 1851 Pronomine
1047 1785 1121 1870 jure
1145 1787 1257 1850 carent
1279 1783 1306 1849 B
1330 1789 1365 1850 et
1388 1783 1497 1851 Valla.

266 1902 347 1969 Ibid.
370 1903 461 1989 Vulg.
488 1908 544 1968 τῶν
567 1904 691 1970 ὁπλιτῶν
714 1904 752 1969 τὸ
776 1911 905 1986 στῖφος
928 1904 1028 1968 ταύτὰ
1052 1902 1208 1983 ἕβνύλετρ;
1233 1915 1255 1968 Β
1279 1903 1316 1967 τὸ
1343 1905 1495 1982 πλῆθος,

221 2026 306 2110 quod
337 2047 402 2092 non
429 2025 530 2111 probo
562 2047 633 2091 eum
656 2030 762 2105 στῖφος
786 2023 887 2091 multe
910 2021 1036 2089 facilius
1059 2022 1201 2108 potuerit
1223 2021 1315 2089 abire
1337 2023 1373 2089 in
1396 2045 1494 2092 vcca-

220 2144 330 2213 bulum
360 2146 511 2213 usitatius
541 2146 648 2220 αλῆθος
673 2164 771 2228 quam
793 2144 939 2209 invicem.
985 2142 1081 2209 Valla
1104 2141 1210 2208 locum
1233 2163 1299 2209 nan
1321 2142 1419 2227 plane
1444 2145 1492 2210 in-

221 2264 391 2350 tellegens:
419 2269 470 2343 „et
492 2284 531 2329 ex
554 2261 718 2328 voluntate
742 2261 899 2327 maximae
923 2267 1120 2327 armatorum
1136 2260 1271 2345 partis'’.

264 2379 289 2473 ξ
320 2381 349 2448 6.
380 2380 470 2466 Vulg.
501 2380 552 2446 ἕνα
581 2385 637 2445 τῶν
666 2384 841 2460 στρατηγῶν
871 2378 965 2452 ὅστις
998 2377 1031 2454 ἦν
1062 2380 1142 2459 αὐτῷ
1165 2379 1351 2455 ὁμογνώμων.
1399 2378 1489 2452 Βὸς.

221 2500 332 2569 Valla:
359 2506 412 2588 „et
435 2505 561 2584 sumpto
586 2520 692 2566 secum
717 2520 780 2566 uno
806 2519 824 2564 e
848 2498 982 2565 ducibus
1006 2518 1085 2565 suae
1108 2498 1293 2565 voluntatis.

264 2619 289 2712 ὅ
313 2622 341 2689 l.
366 2620 459 2706 Vulg:
480 2619 563 2704 ᾤοντο
579 2672 586 2686 .
601 2671 607 2685 .
623 2669 629 2684 .
647 2671 653 2683 .
670 2621 719 2685 τὸν
734 2618 1013 2697 ξυνενλνραριέναν
1028 2618 1160 2684 τεθνάναι
1176 2622 1281 2703 recte;
1298 2618 1345 2685 sio
1361 2639 1488 2704 quoque

112 2820 114 2824 Α
222 2741 318 2809 Valla
340 2741 544 2827 participium
568 2739 725 2807 intellexit
748 2739 787 2805 de
808 2739 950 2805 Alexicle
966 2743 1079 2824 capto:
1099 2757 1257 2822 „eumque
1271 2738 1329 2822 qui
1345 2759 1489 2824 compre·

221 2860 340 2930 hensus
374 2867 474 2943 esset,
509 2865 611 2927 morte
641 2858 791 2929 affectum
823 2881 892 2927 esse
1023 2858 1305 2944 suspicabantur'’.
1351 2859 1380 2925 Β
1408 2859 1489 2927 falso

220 2979 448 3061 ξυνειλερμέννν.

265 3101 346 3172 Ibid.
379 3101 470 3186 Vulg.
501 3100 706 3184 ἕΦεδρενδνταν
737 3101 848 3179 ἔγγὺς
879 3105 935 3166 τῶν
965 3102 1127 3180 cataplum
1159 3099 1264 3165 Βέτν.
1289 3094 1490 3165 Valla'nihil

221 3221 323 3287 docet.

266 3344 286 3423 ἕ
312 3340 361 3406 10.
392 3338 511 3406 Omnes
534 3338 608 3405 libri
630 3340 644 3405 ὃ
666 3340 690 3404 δ’
714 3338 906 3419 Ἀρίσταρχος
930 3339 979 3403 καὶ
1004 3338 1028 3403 oi
1051 3336 1170 3401 irascier
1193 3337 1239 3416 τῷ
1262 3336 1390 3415 πλήθει
1415 3338 1489 3416 ἔχα-

221 3461 366 3526 αέπαννον.
414 3459 594 3526 Scholiasta
627 3460 747 3527 variam
778 3459 914 3543 praebet
944 3457 1112 3524 lectionem
1144 3455 1190 3536 τῷ
1220 3456 1364 3536 ἀληθεῖ,
1394 3475 1489 3539 quam

221 3582 357 3649 relatam
379 3600 506 3665 quoquc
530 3601 550 3645 a
572 3578 667 3645 Valla
689 3579 848 3645 videmus:
874 3598 929 3665 „re
954 3576 1059 3644 vera''.
1103 3574 1283 3654 Haaelrius,
1307 3574 1510 3673 Krngerns„

221 3699 390 3777 Bohmius,
424 3697 566 3765 Stahlius
596 3696 671 3764 freti
704 3696 817 3764 Vallae
847 3697 1038 3764 auctoritate
1061 3716 1126 3761 ncn
1150 3693 1338 3760 dubitarunt
1361 3717 1422 3780 pro
1446 3695 1489 3777 τῷ

221 3822 349 3898 πλήθει
374 3818 533 3903 corrigere
558 3820 595 3902 τῷ
611 3820 722 3895 dandal.
740 3816 973 3884 Hcrwerdcnus
989 3821 1116 3891 autem,
1134 3812 1304 3898 quominus
1320 3813 1490 3882 lectionem

220 3942 254 4009 in
283 3943 405 4007 textum
436 3936 588 4023 recipiat,
620 3937 794 4023 impeditur
825 3935 928 4004 forma
958 3937 999 4017 τῷ
1030 3935 1135 4008 danlae*
1155 3954 1268 4017 parum
1292 3937 1380 4000 recte
1403 3934 1491 4000 dicta

221 4083 279 4148 pro
313 4071 350 4143 cp
384 4060 523 4144 ἀληθείας
558 4062 700 4125 attamen
735 4056 909 4124 tenendum
947 4059 996 4121 est
1018 4055 1113 4121 toties
1137 4065 1173 4134 τῇ
1197 4055 1320 4137 ἀληθεία
1341 4054 1377 4120 in
1400 4055 1490 4124 libris

221 4179 339 4246 abiisse
361 4178 395 4244 in
417 4176 617 4263 barbariem,
649 4175 755 4261 qualis
779 4181 828 4243 est
850 4178 890 4255 τῷ
914 4175 1030 4250 ἀληθεῖ,
1054 4178 1090 4239 ut
1113 4193 1219 4240 veram
1242 4173 1371 4240 dicendi
1393 4176 1490 4242 ratio-

221 4317 293 4362 nem
323 4296 493 4380 quominus
523 4296 727 4362 restituamus
752 4293 831 4360 nihil
854 4291 970 4359 obstet.
1016 4289 1163 4358 Olasseui
1187 4290 1312 4377 gratia,
1336 4292 1395 4376 qni
1419 4313 1491 4360 con·

221 4413 325 4479 tendit
355 4418 488 4498 propter
519 4433 545 4479 c.
570 4410 661 4503 90§
690 4415 722 4497 l,
754 4409 806 4477 ul‘
1068 4407 1178 4475 linitur
1200 4408 1270 4488 daim
1293 4412 1323 4475 ἐν
1345 4417 1407 4484 ταῖς
1431 4411 1498 4489 μά·-
