<?xml version="1.0" encoding="UTF-8"?>
<!DOCTYPE html PUBLIC "-//W3C//DTD XHTML 1.0 Transitional//EN"
    "http://www.w3.org/TR/xhtml1/DTD/xhtml1-transitional.dtd">
<html xmlns="http://www.w3.org/1999/xhtml" xml:lang="en" lang="en">
 <head>
  <title>
</title>
<meta http-equiv="Content-Type" content="text/html;charset=utf-8" />
  <meta name='ocr-system' content='tesseract 3.04.00' />
  <meta name='ocr-capabilities' content='ocr_page ocr_carea ocr_par ocr_line ocrx_word'/>
</head>
<body>
  <div class='ocr_page' id='page_1' title='image "./dethucydidisvat00vallgoog_0075.png"; bbox 0 0 3098 4988; ppageno 0'>
   <div class='ocr_carea' id='block_1_1' title="bbox 690 330 735 396">
    <p class='ocr_par' dir='ltr' id='par_1_1' title="bbox 690 330 735 396">
     <span class='ocr_line' id='line_1_1' title="bbox 690 330 735 396; baseline 0 0"><span class='ocrx_word' id='word_1_1' title='bbox 690 330 735 396; x_wconf 81' lang='lat'>45</span> 
     </span>
    </p>
   </div>
   <div class='ocr_carea' id='block_1_2' title="bbox 75 562 1349 2075">
    <p class='ocr_par' dir='ltr' id='par_1_2' title="bbox 75 562 1348 754">
     <span class='ocr_line' id='line_1_2' title="bbox 78 562 1348 657; baseline -0.005 -21"><span class='ocrx_word' id='word_1_2' title='bbox 78 567 186 657; x_wconf 85' lang='lat' dir='ltr'>qnod,</span> <span class='ocrx_word' id='word_1_3' title='bbox 209 572 246 634; x_wconf 91' lang='lat' dir='ltr'>ut</span> <span class='ocrx_word' id='word_1_4' title='bbox 270 565 413 634; x_wconf 85' lang='lat' dir='ltr'>Stahlius</span> <span class='ocrx_word' id='word_1_5' title='bbox 436 565 678 643; x_wconf 79' lang='lat' dir='ltr'>animadvertit,</span> <span class='ocrx_word' id='word_1_6' title='bbox 698 567 771 652; x_wconf 89' lang='lat' dir='ltr'>jure</span> <span class='ocrx_word' id='word_1_7' title='bbox 794 566 902 633; x_wconf 89' lang='lat' dir='ltr'>omisit</span> <span class='ocrx_word' id='word_1_8' title='bbox 924 566 1091 633; x_wconf 85' lang='lat' dir='ltr'>molestum</span> <span class='ocrx_word' id='word_1_9' title='bbox 1115 566 1164 630; x_wconf 80' lang='grc' dir='ltr'>καί</span> <span class='ocrx_word' id='word_1_10' title='bbox 1189 563 1231 631; x_wconf 90' lang='lat' dir='ltr'>ab</span> <span class='ocrx_word' id='word_1_11' title='bbox 1247 562 1348 630; x_wconf 81' lang='lat' dir='ltr'>edito·</span> 
     </span>
     <span class='ocr_line' id='line_1_3' title="bbox 75 683 636 754; baseline -0.007 0"><span class='ocrx_word' id='word_1_12' title='bbox 75 688 166 754; x_wconf 87' lang='lat' dir='ltr'>ribus</span> <span class='ocrx_word' id='word_1_13' title='bbox 189 684 338 754; x_wconf 89' lang='lat' dir='ltr'>omnibus</span> <span class='ocrx_word' id='word_1_14' title='bbox 362 683 456 754; x_wconf 90' lang='lat' dir='ltr'>obelo</span> <span class='ocrx_word' id='word_1_15' title='bbox 480 689 636 752; x_wconf 89' lang='lat' dir='ltr'>notatum.</span> 
     </span>
    </p>

    <p class='ocr_par' dir='ltr' id='par_1_3' title="bbox 75 801 1349 1958">
     <span class='ocr_line' id='line_1_4' title="bbox 119 801 1346 897; baseline -0.005 -27"><span class='ocrx_word' id='word_1_16' title='bbox 119 805 144 897; x_wconf 67' lang='grc' dir='ltr'>ξ</span> <span class='ocrx_word' id='word_1_17' title='bbox 168 807 197 870; x_wconf 83' lang='grc'>3.</span> <span class='ocrx_word' id='word_1_18' title='bbox 230 804 323 890; x_wconf 82' lang='lat' dir='ltr'>vulg.</span> <span class='ocrx_word' id='word_1_19' title='bbox 355 804 388 868; x_wconf 81' lang='grc' dir='ltr'>πθ</span> <span class='ocrx_word' id='word_1_20' title='bbox 419 804 448 869; x_wconf 77' lang='grc' dir='ltr'>δὲ</span> <span class='ocrx_word' id='word_1_21' title='bbox 479 802 651 884; x_wconf 79' lang='grc' dir='ltr'><em>πραξάντων</em></span> <span class='ocrx_word' id='word_1_22' title='bbox 682 808 714 869; x_wconf 85' lang='grc' dir='ltr'>ἐκ</span> <span class='ocrx_word' id='word_1_23' title='bbox 743 811 794 870; x_wconf 81' lang='grc' dir='ltr'><em>τοῦ</em></span> <span class='ocrx_word' id='word_1_24' title='bbox 821 803 927 875; x_wconf 88' lang='grc' dir='ltr'><em>είκθτος</em></span> <span class='ocrx_word' id='word_1_25' title='bbox 950 801 970 867; x_wconf 82' lang='grc' dir='ltr'><em>ά</em></span> <span class='ocrx_word' id='word_1_26' title='bbox 996 803 1163 880; x_wconf 84' lang='grc' dir='ltr'><em>βουλθμεθα</em></span> <span class='ocrx_word' id='word_1_27' title='bbox 1186 801 1288 866; x_wconf 78' lang='grc' dir='ltr'><em>τούσδε</em></span> <span class='ocrx_word' id='word_1_28' title='bbox 1313 826 1346 865; x_wconf 85' lang='grc' dir='ltr'>τε</span> 
     </span>
     <span class='ocr_line' id='line_1_5' title="bbox 75 920 1346 1006; baseline -0.004 -17"><span class='ocrx_word' id='word_1_29' title='bbox 75 926 252 998; x_wconf 76' lang='grc' dir='ltr'><em>κολασθῆναι</em></span> <span class='ocrx_word' id='word_1_30' title='bbox 278 923 327 988; x_wconf 81' lang='grc' dir='ltr'>καί</span> <span class='ocrx_word' id='word_1_31' title='bbox 352 932 389 1006; x_wconf 70' lang='grc' dir='ltr'><em>τῇ</em></span> <span class='ocrx_word' id='word_1_32' title='bbox 414 923 496 1006; x_wconf 76' lang='grc' dir='ltr'><em>πάσρ</em></span> <span class='ocrx_word' id='word_1_33' title='bbox 523 923 644 1003; x_wconf 71' lang='grc' dir='ltr'><em>Σικελίᾳ</em></span> <span class='ocrx_word' id='word_1_34' title='bbox 667 924 852 1005; x_wconf 65' lang='grc' dir='ltr'><em>καρπουμένῃ</em></span> <span class='ocrx_word' id='word_1_35' title='bbox 875 924 925 988; x_wconf 81' lang='grc' dir='ltr'>καί</span> <span class='ocrx_word' id='word_1_36' title='bbox 950 922 1015 1002; x_wconf 83' lang='grc' dir='ltr'><em>πρίν</em></span> <span class='ocrx_word' id='word_1_37' title='bbox 1038 922 1200 1002; x_wconf 73' lang='grc' dir='ltr'><em>ἐλευθερίαν</em></span> <span class='ocrx_word' id='word_1_38' title='bbox 1222 920 1346 997; x_wconf 91' lang='grc' dir='ltr'><em>βεβαιο-</em></span> 
     </span>
     <span class='ocr_line' id='line_1_6' title="bbox 78 1038 1347 1124; baseline -0.003 -16"><span class='ocrx_word' id='word_1_39' title='bbox 78 1043 164 1123; x_wconf 82' lang='grc' dir='ltr'><em>τέραν</em></span> <span class='ocrx_word' id='word_1_40' title='bbox 187 1043 377 1124; x_wconf 77' lang='grc' dir='ltr'><em>παραδοῦναι.</em></span> <span class='ocrx_word' id='word_1_41' title='bbox 400 1042 439 1107; x_wconf 92' lang='lat' dir='ltr'>In</span> <span class='ocrx_word' id='word_1_42' title='bbox 461 1041 544 1109; x_wconf 86' lang='lat' dir='ltr'>libro</span> <span class='ocrx_word' id='word_1_43' title='bbox 567 1042 594 1107; x_wconf 90' lang='lat' dir='ltr'>B</span> <span class='ocrx_word' id='word_1_44' title='bbox 617 1041 776 1108; x_wconf 86' lang='lat' dir='ltr'>invenitur</span> <span class='ocrx_word' id='word_1_45' title='bbox 795 1042 833 1106; x_wconf 78' lang='lat' dir='ltr'>ri</span> <span class='ocrx_word' id='word_1_46' title='bbox 852 1042 885 1106; x_wconf 73' lang='grc' dir='ltr'>δὲ</span> <span class='ocrx_word' id='word_1_47' title='bbox 904 1040 1113 1119; x_wconf 78' lang='grc' dir='ltr'><em>πραξάντων</em></span> <span class='ocrx_word' id='word_1_48' title='bbox 1133 1042 1226 1117; x_wconf 73' lang='grc' dir='ltr'><em>ἡμῶν</em></span> <span class='ocrx_word' id='word_1_49' title='bbox 1244 1038 1347 1124; x_wconf 86' lang='lat' dir='ltr'>quod,</span> 
     </span>
     <span class='ocr_line' id='line_1_7' title="bbox 75 1158 1347 1245; baseline -0.005 -16"><span class='ocrx_word' id='word_1_50' title='bbox 75 1163 137 1229; x_wconf 89' lang='lat' dir='ltr'>etsi</span> <span class='ocrx_word' id='word_1_51' title='bbox 167 1160 304 1245; x_wconf 88' lang='lat' dir='ltr'>quisque</span> <span class='ocrx_word' id='word_1_52' title='bbox 335 1179 375 1226; x_wconf 84' lang='lat' dir='ltr'>ex</span> <span class='ocrx_word' id='word_1_53' title='bbox 403 1159 691 1244; x_wconf 85' lang='lat' dir='ltr'>interpretamento</span> <span class='ocrx_word' id='word_1_54' title='bbox 722 1166 834 1226; x_wconf 90' lang='lat' dir='ltr'>natum</span> <span class='ocrx_word' id='word_1_55' title='bbox 866 1180 936 1227; x_wconf 88' lang='lat' dir='ltr'>esse</span> <span class='ocrx_word' id='word_1_56' title='bbox 967 1159 1139 1236; x_wconf 83' lang='lat' dir='ltr'>concedat,</span> <span class='ocrx_word' id='word_1_57' title='bbox 1175 1158 1347 1224; x_wconf 85' lang='lat' dir='ltr'>Olassenus</span> 
     </span>
     <span class='ocr_line' id='line_1_8' title="bbox 76 1274 1348 1368; baseline -0.005 -20"><span class='ocrx_word' id='word_1_58' title='bbox 76 1286 207 1368; x_wconf 89' lang='lat' dir='ltr'>praeter</span> <span class='ocrx_word' id='word_1_59' title='bbox 239 1277 462 1345; x_wconf 85' lang='lat' dir='ltr'>necessitatem</span> <span class='ocrx_word' id='word_1_60' title='bbox 492 1276 622 1361; x_wconf 83' lang='lat' dir='ltr'>recepit.</span> <span class='ocrx_word' id='word_1_61' title='bbox 667 1276 712 1340; x_wconf 81' lang='grc' dir='ltr'>Τὸ</span> <span class='ocrx_word' id='word_1_62' title='bbox 744 1275 775 1340; x_wconf 75' lang='grc' dir='ltr'>δὲ</span> <span class='ocrx_word' id='word_1_63' title='bbox 805 1274 976 1356; x_wconf 74' lang='grc' dir='ltr'><em>πραξάντων</em></span> <span class='ocrx_word' id='word_1_64' title='bbox 1008 1277 1092 1343; x_wconf 91' lang='lat' dir='ltr'>enim</span> <span class='ocrx_word' id='word_1_65' title='bbox 1115 1276 1284 1361; x_wconf 83' lang='lat' dir='ltr'><strong>quominus</strong></span> <span class='ocrx_word' id='word_1_66' title='bbox 1308 1277 1348 1342; x_wconf 93' lang='lat' dir='ltr'>de</span> 
     </span>
     <span class='ocr_line' id='line_1_9' title="bbox 77 1394 1345 1481; baseline -0.005 -15"><span class='ocrx_word' id='word_1_67' title='bbox 77 1396 326 1466; x_wconf 79' lang='lat' dir='ltr'>Atheniensibus</span> <span class='ocrx_word' id='word_1_68' title='bbox 361 1394 576 1481; x_wconf 81' lang='lat' dir='ltr'>accipiamus,</span> <span class='ocrx_word' id='word_1_69' title='bbox 611 1394 742 1461; x_wconf 80' lang='lat' dir='ltr'><strong>obstant</strong></span> <span class='ocrx_word' id='word_1_70' title='bbox 776 1395 946 1480; x_wconf 78' lang='lat' dir='ltr'>sequentia</span> <span class='ocrx_word' id='word_1_71' title='bbox 976 1396 1076 1462; x_wconf 79' lang='grc' dir='ltr'><em>τούσδε</em></span> <span class='ocrx_word' id='word_1_72' title='bbox 1108 1421 1141 1461; x_wconf 89' lang='grc' dir='ltr'>τε</span> <span class='ocrx_word' id='word_1_73' title='bbox 1171 1397 1345 1470; x_wconf 71' lang='grc' dir='ltr'><em>κλασθῆναι</em></span> 
     </span>
     <span class='ocr_line' id='line_1_10' title="bbox 76 1513 1349 1599; baseline -0.003 -15"><span class='ocrx_word' id='word_1_74' title='bbox 76 1519 127 1584; x_wconf 82' lang='grc' dir='ltr'>καί</span> <span class='ocrx_word' id='word_1_75' title='bbox 150 1525 189 1592; x_wconf 74' lang='grc' dir='ltr'><em>τῆ</em></span> <span class='ocrx_word' id='word_1_76' title='bbox 211 1516 293 1599; x_wconf 78' lang='grc' dir='ltr'><em>πάσρ</em></span> <span class='ocrx_word' id='word_1_77' title='bbox 317 1516 439 1596; x_wconf 77' lang='grc' dir='ltr'><em>Σικελία</em></span> <span class='ocrx_word' id='word_1_78' title='bbox 565 1514 725 1595; x_wconf 71' lang='grc' dir='ltr'><em>ἐλευθερίαν</em></span> <span class='ocrx_word' id='word_1_79' title='bbox 739 1513 935 1594; x_wconf 69' lang='grc' dir='ltr'><em>βεβαιοτέραν</em></span> <span class='ocrx_word' id='word_1_80' title='bbox 951 1515 1137 1594; x_wconf 77' lang='grc' dir='ltr'><em>παραδοῦναι.</em></span> <span class='ocrx_word' id='word_1_81' title='bbox 1174 1515 1349 1581; x_wconf 79' lang='lat' dir='ltr'>Praeterea</span> 
     </span>
     <span class='ocr_line' id='line_1_11' title="bbox 80 1632 1347 1718; baseline -0.004 -14"><span class='ocrx_word' id='word_1_82' title='bbox 80 1637 109 1704; x_wconf 94' lang='lat' dir='ltr'>si</span> <span class='ocrx_word' id='word_1_83' title='bbox 133 1636 173 1703; x_wconf 89' lang='lat' dir='ltr'>de</span> <span class='ocrx_word' id='word_1_84' title='bbox 196 1632 445 1702; x_wconf 73' lang='lat' dir='ltr'>Atheniensibus</span> <span class='ocrx_word' id='word_1_85' title='bbox 468 1632 540 1717; x_wconf 89' lang='lat' dir='ltr'>quis</span> <span class='ocrx_word' id='word_1_86' title='bbox 563 1632 706 1718; x_wconf 85' lang='lat' dir='ltr'>intellegi</span> <span class='ocrx_word' id='word_1_87' title='bbox 722 1653 816 1717; x_wconf 88' lang='lat' dir='ltr'>posse</span> <span class='ocrx_word' id='word_1_88' title='bbox 832 1637 925 1718; x_wconf 89' lang='lat' dir='ltr'>putet</span> <span class='ocrx_word' id='word_1_89' title='bbox 940 1633 973 1698; x_wconf 77' lang='lat' dir='ltr'>ri</span> <span class='ocrx_word' id='word_1_90' title='bbox 989 1634 1018 1698; x_wconf 78' lang='grc' dir='ltr'>δὲ</span> <span class='ocrx_word' id='word_1_91' title='bbox 1034 1632 1217 1715; x_wconf 77' lang='grc' dir='ltr'><em>πραξάντων,</em></span> <span class='ocrx_word' id='word_1_92' title='bbox 1232 1654 1347 1699; x_wconf 90' lang='lat' dir='ltr'>moneo</span> 
     </span>
     <span class='ocr_line' id='line_1_12' title="bbox 76 1749 1348 1841; baseline -0.005 -19"><span class='ocrx_word' id='word_1_93' title='bbox 76 1776 137 1841; x_wconf 90' lang='lat' dir='ltr'>pro</span> <span class='ocrx_word' id='word_1_94' title='bbox 169 1753 203 1819; x_wconf 77' lang='grc' dir='ltr'><em>τί</em></span> <span class='ocrx_word' id='word_1_95' title='bbox 234 1753 262 1817; x_wconf 77' lang='lat' dir='ltr'>a</span> <span class='ocrx_word' id='word_1_96' title='bbox 293 1772 374 1837; x_wconf 91' lang='lat' dir='ltr'>opus</span> <span class='ocrx_word' id='word_1_97' title='bbox 404 1750 504 1817; x_wconf 81' lang='lat' dir='ltr'>luisse</span> <span class='ocrx_word' id='word_1_98' title='bbox 535 1749 688 1817; x_wconf 80' lang='lat' dir='ltr'>adverbio</span> <span class='ocrx_word' id='word_1_99' title='bbox 718 1749 815 1834; x_wconf 87' lang='lat' dir='ltr'>quale</span> <span class='ocrx_word' id='word_1_100' title='bbox 842 1755 892 1817; x_wconf 87' lang='lat' dir='ltr'>est</span> <span class='ocrx_word' id='word_1_101' title='bbox 913 1756 1009 1823; x_wconf 81' lang='grc' dir='ltr'><em>κακῶς</em></span> <span class='ocrx_word' id='word_1_102' title='bbox 1033 1758 1066 1818; x_wconf 89' lang='lat' dir='ltr'>et</span> <span class='ocrx_word' id='word_1_103' title='bbox 1089 1772 1148 1836; x_wconf 90' lang='lat' dir='ltr'>pro</span> <span class='ocrx_word' id='word_1_104' title='bbox 1171 1751 1303 1817; x_wconf 86' lang='lat' dir='ltr'>relativo</span> <span class='ocrx_word' id='word_1_105' title='bbox 1326 1751 1348 1816; x_wconf 84' lang='grc' dir='ltr'><em>ά</em></span> 
     </span>
     <span class='ocr_line' id='line_1_13' title="bbox 76 1866 1347 1958; baseline -0.005 -18"><span class='ocrx_word' id='word_1_106' title='bbox 76 1871 300 1958; x_wconf 80' lang='lat' dir='ltr'>conjunctione</span> <span class='ocrx_word' id='word_1_107' title='bbox 322 1873 367 1943; x_wconf 77' lang='grc' dir='ltr'>ὡς.</span> <span class='ocrx_word' id='word_1_108' title='bbox 392 1869 489 1937; x_wconf 88' lang='lat' dir='ltr'>Valla</span> <span class='ocrx_word' id='word_1_109' title='bbox 511 1866 604 1936; x_wconf 88' lang='lat' dir='ltr'>nobis</span> <span class='ocrx_word' id='word_1_110' title='bbox 627 1867 708 1933; x_wconf 93' lang='lat' dir='ltr'>nihil</span> <span class='ocrx_word' id='word_1_111' title='bbox 723 1867 916 1953; x_wconf 86' lang='lat' dir='ltr'>opitulatur:</span> <span class='ocrx_word' id='word_1_112' title='bbox 935 1866 989 1948; x_wconf 83' lang='lat' dir='ltr'>„si</span> <span class='ocrx_word' id='word_1_113' title='bbox 1006 1888 1080 1934; x_wconf 89' lang='lat' dir='ltr'>vero</span> <span class='ocrx_word' id='word_1_114' title='bbox 1095 1868 1131 1934; x_wconf 89' lang='lat' dir='ltr'>id</span> <span class='ocrx_word' id='word_1_115' title='bbox 1146 1866 1347 1935; x_wconf 80' lang='lat' dir='ltr'>fecerimus&#39;’.</span> 
     </span>
    </p>

    <p class='ocr_par' dir='ltr' id='par_1_4' title="bbox 121 1987 940 2075">
     <span class='ocr_line' id='line_1_14' title="bbox 121 1987 940 2075; baseline -0.009 -18"><span class='ocrx_word' id='word_1_116' title='bbox 121 1989 203 2057; x_wconf 74' lang='lat' dir='ltr'>lbitl</span> <span class='ocrx_word' id='word_1_117' title='bbox 227 1988 318 2075; x_wconf 80' lang='lat' dir='ltr'>Vulg.</span> <span class='ocrx_word' id='word_1_118' title='bbox 341 1987 366 2053; x_wconf 79' lang='lat' dir='ltr'>oi</span> <span class='ocrx_word' id='word_1_119' title='bbox 389 1987 426 2054; x_wconf 85' lang='grc' dir='ltr'><em>θον</em></span> <span class='ocrx_word' id='word_1_120' title='bbox 549 1990 720 2069; x_wconf 81' lang='grc' dir='ltr'><em>ὠφελοῦσιν,</em></span> <span class='ocrx_word' id='word_1_121' title='bbox 745 1999 767 2051; x_wconf 89' lang='grc' dir='ltr'><strong>Β</strong></span> <span class='ocrx_word' id='word_1_122' title='bbox 791 1988 940 2068; x_wconf 75' lang='grc' dir='ltr'>ὠφελῶσιν</span> 
     </span>
    </p>
   </div>
   <div class='ocr_carea' id='block_1_3' title="bbox 81 2333 1348 2432">
    <p class='ocr_par' dir='ltr' id='par_1_5' title="bbox 81 2333 1348 2432">
     <span class='ocr_line' id='line_1_15' title="bbox 81 2333 1348 2432; baseline -0.003 -17"><span class='ocrx_word' id='word_1_123' title='bbox 81 2346 245 2415; x_wconf 88' lang='lat' dir='ltr'>desiderat</span> <span class='ocrx_word' id='word_1_124' title='bbox 268 2333 309 2432; x_wconf 70' lang='lat' dir='ltr'>b,</span> <span class='ocrx_word' id='word_1_125' title='bbox 334 2345 421 2429; x_wconf 88' lang='lat' dir='ltr'>quod</span> <span class='ocrx_word' id='word_1_126' title='bbox 445 2343 623 2411; x_wconf 88' lang='lat' dir='ltr'>sententiae</span> <span class='ocrx_word' id='word_1_127' title='bbox 646 2343 709 2410; x_wconf 80' lang='lat' dir='ltr'>vim</span> <span class='ocrx_word' id='word_1_128' title='bbox 732 2343 903 2429; x_wconf 81' lang='lat' dir='ltr'>infringere</span> <span class='ocrx_word' id='word_1_129' title='bbox 927 2342 1058 2410; x_wconf 89' lang='lat' dir='ltr'>videtur.</span> <span class='ocrx_word' id='word_1_130' title='bbox 1089 2344 1216 2411; x_wconf 84' lang='lat' dir='ltr'>Dixeris</span> <span class='ocrx_word' id='word_1_131' title='bbox 1233 2344 1348 2411; x_wconf 80' lang='lat' dir='ltr'>ferent</span> 
     </span>
    </p>
   </div>
   <div class='ocr_carea' id='block_1_4' title="bbox 73 2461 1345 4433">
    <p class='ocr_par' dir='ltr' id='par_1_6' title="bbox 79 2461 1345 2672">
     <span class='ocr_line' id='line_1_16' title="bbox 79 2461 1345 2550; baseline -0.003 -18"><span class='ocrx_word' id='word_1_132' title='bbox 79 2465 208 2532; x_wconf 83' lang='lat' dir='ltr'>Vallam</span> <span class='ocrx_word' id='word_1_133' title='bbox 232 2464 375 2531; x_wconf 89' lang='lat' dir='ltr'>omisisse</span> <span class='ocrx_word' id='word_1_134' title='bbox 398 2461 605 2530; x_wconf 81' lang='lat' dir='ltr'>vocabulum:</span> <span class='ocrx_word' id='word_1_135' title='bbox 634 2463 739 2546; x_wconf 87' lang='lat' dir='ltr'>„quod</span> <span class='ocrx_word' id='word_1_136' title='bbox 763 2466 907 2528; x_wconf 85' lang='lat' dir='ltr'>cerneret</span> <span class='ocrx_word' id='word_1_137' title='bbox 930 2462 1025 2546; x_wconf 80' lang='lat' dir='ltr'>quale</span> <span class='ocrx_word' id='word_1_138' title='bbox 1048 2463 1226 2546; x_wconf 85' lang='lat' dir='ltr'>perieulum</span> <span class='ocrx_word' id='word_1_139' title='bbox 1244 2468 1345 2550; x_wconf 87' lang='lat' dir='ltr'>esset,</span> 
     </span>
     <span class='ocr_line' id='line_1_17' title="bbox 79 2582 430 2672; baseline -0.011 -19"><span class='ocrx_word' id='word_1_140' title='bbox 79 2607 241 2672; x_wconf 86' lang='lat' dir='ltr'>quamque</span> <span class='ocrx_word' id='word_1_141' title='bbox 264 2582 430 2652; x_wconf 61' lang='lat' dir='ltr'>scinum&#39;t</span> 
     </span>
    </p>

    <p class='ocr_par' dir='ltr' id='par_1_7' title="bbox 75 2701 1345 3144">
     <span class='ocr_line' id='line_1_18' title="bbox 120 2701 1345 2795; baseline -0.006 -23"><span class='ocrx_word' id='word_1_142' title='bbox 120 2703 199 2795; x_wconf 57' lang='lat' dir='ltr'>§h</span> <span class='ocrx_word' id='word_1_143' title='bbox 232 2704 325 2789; x_wconf 83' lang='lat' dir='ltr'>Vulg.</span> <span class='ocrx_word' id='word_1_144' title='bbox 357 2703 406 2768; x_wconf 80' lang='grc' dir='ltr'>καί</span> <span class='ocrx_word' id='word_1_145' title='bbox 431 2704 444 2768; x_wconf 81' lang='grc' dir='ltr'><em>θ</em></span> <span class='ocrx_word' id='word_1_146' title='bbox 467 2703 522 2780; x_wconf 83' lang='grc' dir='ltr'><em>μὲν</em></span> <span class='ocrx_word' id='word_1_147' title='bbox 552 2705 609 2783; x_wconf 77' lang='grc' dir='ltr'>οὐχ</span> <span class='ocrx_word' id='word_1_148' title='bbox 633 2702 721 2767; x_wconf 85' lang='grc' dir='ltr'><em>ίκανά</em></span> <span class='ocrx_word' id='word_1_149' title='bbox 743 2708 861 2777; x_wconf 75' lang='grc' dir='ltr'><em>μᾶλλον</em></span> <span class='ocrx_word' id='word_1_150' title='bbox 885 2701 944 2765; x_wconf 84' lang='grc' dir='ltr'>καί</span> <span class='ocrx_word' id='word_1_151' title='bbox 964 2702 1120 2778; x_wconf 73' lang='grc' dir='ltr'><em>άνανκαῑα</em></span> <span class='ocrx_word' id='word_1_152' title='bbox 1137 2704 1256 2778; x_wconf 81' lang='grc' dir='ltr'><em>νομίσας</em></span> <span class='ocrx_word' id='word_1_153' title='bbox 1289 2727 1345 2766; x_wconf 88' lang='grc' dir='ltr'><em>ποι-</em></span> 
     </span>
     <span class='ocr_line' id='line_1_19' title="bbox 76 2819 1345 2908; baseline -0.004 -18"><span class='ocrx_word' id='word_1_154' title='bbox 76 2826 217 2908; x_wconf 75' lang='grc' dir='ltr'><em>ρρνῆσθαι.</em></span> <span class='ocrx_word' id='word_1_155' title='bbox 264 2823 291 2888; x_wconf 92' lang='grc' dir='ltr'>Β</span> <span class='ocrx_word' id='word_1_156' title='bbox 327 2821 419 2888; x_wconf 83' lang='lat' dir='ltr'>unice</span> <span class='ocrx_word' id='word_1_157' title='bbox 455 2841 560 2887; x_wconf 86' lang='lat' dir='ltr'>veram</span> <span class='ocrx_word' id='word_1_158' title='bbox 596 2820 764 2887; x_wconf 82' lang='lat' dir='ltr'>lectionem</span> <span class='ocrx_word' id='word_1_159' title='bbox 795 2819 925 2886; x_wconf 86' lang='lat' dir='ltr'>exhibet</span> <span class='ocrx_word' id='word_1_160' title='bbox 954 2819 1003 2884; x_wconf 83' lang='grc' dir='ltr'>καί</span> <span class='ocrx_word' id='word_1_161' title='bbox 1040 2820 1052 2884; x_wconf 86' lang='grc' dir='ltr'><em>θ</em></span> <span class='ocrx_word' id='word_1_162' title='bbox 1083 2822 1137 2896; x_wconf 85' lang='grc' dir='ltr'><em>μὲν</em></span> <span class='ocrx_word' id='word_1_163' title='bbox 1169 2824 1227 2902; x_wconf 77' lang='grc' dir='ltr'>οὐχ</span> <span class='ocrx_word' id='word_1_164' title='bbox 1257 2822 1345 2886; x_wconf 80' lang='grc' dir='ltr'><em>ἱκανά</em></span> 
     </span>
     <span class='ocr_line' id='line_1_20' title="bbox 75 2938 1345 3030; baseline -0.002 -22"><span class='ocrx_word' id='word_1_165' title='bbox 75 2946 193 3022; x_wconf 84' lang='grc' dir='ltr'><em>μάλλον</em></span> <span class='ocrx_word' id='word_1_166' title='bbox 224 2947 240 3019; x_wconf 73' lang='grc' dir='ltr'><strong><em>ἦ</em></strong></span> <span class='ocrx_word' id='word_1_167' title='bbox 272 2943 428 3030; x_wconf 72' lang='grc' dir='ltr'><em>άνανκαῖα</em></span> <span class='ocrx_word' id='word_1_168' title='bbox 459 2942 580 3018; x_wconf 80' lang='grc' dir='ltr'><em>νομίσας</em></span> <span class='ocrx_word' id='word_1_169' title='bbox 606 2941 801 3021; x_wconf 74' lang='grc' dir='ltr'><em>παρρνῆσθαι,</em></span> <span class='ocrx_word' id='word_1_170' title='bbox 825 2939 910 3023; x_wconf 87' lang='lat' dir='ltr'>quod</span> <span class='ocrx_word' id='word_1_171' title='bbox 934 2939 1031 3005; x_wconf 81' lang='lat' dir='ltr'>etiam</span> <span class='ocrx_word' id='word_1_172' title='bbox 1055 2938 1213 3023; x_wconf 84' lang='lat' dir='ltr'>expressit</span> <span class='ocrx_word' id='word_1_173' title='bbox 1236 2940 1345 3006; x_wconf 83' lang='lat' dir='ltr'>Valla:</span> 
     </span>
     <span class='ocr_line' id='line_1_21' title="bbox 81 3055 1188 3144; baseline -0.004 -17"><span class='ocrx_word' id='word_1_174' title='bbox 81 3083 166 3144; x_wconf 85' lang='lat' dir='ltr'>„non</span> <span class='ocrx_word' id='word_1_175' title='bbox 189 3066 256 3128; x_wconf 89' lang='lat' dir='ltr'>tam</span> <span class='ocrx_word' id='word_1_176' title='bbox 280 3059 473 3127; x_wconf 81' lang='lat' dir='ltr'>sufficientia</span> <span class='ocrx_word' id='word_1_177' title='bbox 496 3079 593 3143; x_wconf 89' lang='lat' dir='ltr'>quam</span> <span class='ocrx_word' id='word_1_178' title='bbox 616 3058 798 3124; x_wconf 84' lang='lat' dir='ltr'>necessaria</span> <span class='ocrx_word' id='word_1_179' title='bbox 823 3078 858 3123; x_wconf 89' lang='lat' dir='ltr'>se</span> <span class='ocrx_word' id='word_1_180' title='bbox 880 3057 1046 3141; x_wconf 87' lang='lat' dir='ltr'>loquutum</span> <span class='ocrx_word' id='word_1_181' title='bbox 1069 3055 1188 3123; x_wconf 86' lang='lat' dir='ltr'>ratus.&#39;&#39;</span> 
     </span>
    </p>

    <p class='ocr_par' dir='ltr' id='par_1_8' title="bbox 76 3175 1344 3378">
     <span class='ocr_line' id='line_1_22' title="bbox 120 3175 1344 3264; baseline -0.002 -19"><span class='ocrx_word' id='word_1_182' title='bbox 120 3186 141 3264; x_wconf 67' lang='grc' dir='ltr'>ξ</span> <span class='ocrx_word' id='word_1_183' title='bbox 172 3181 202 3246; x_wconf 85' lang='grc'>4.</span> <span class='ocrx_word' id='word_1_184' title='bbox 238 3179 328 3246; x_wconf 87' lang='lat' dir='ltr'>Libri</span> <span class='ocrx_word' id='word_1_185' title='bbox 361 3198 531 3262; x_wconf 76' lang='lat' dir='ltr'>perperam</span> <span class='ocrx_word' id='word_1_186' title='bbox 567 3177 733 3263; x_wconf 88' lang='lat' dir='ltr'>appellant</span> <span class='ocrx_word' id='word_1_187' title='bbox 767 3177 896 3242; x_wconf 86' lang='lat' dir='ltr'>tertium</span> <span class='ocrx_word' id='word_1_188' title='bbox 931 3176 1045 3241; x_wconf 88' lang='lat' dir='ltr'>ducem</span> <span class='ocrx_word' id='word_1_189' title='bbox 1076 3175 1224 3254; x_wconf 72' lang='grc' dir='ltr'><em>Εθδνμοςς</em></span> <span class='ocrx_word' id='word_1_190' title='bbox 1252 3175 1344 3242; x_wconf 86' lang='lat' dir='ltr'>Vati·</span> 
     </span>
     <span class='ocr_line' id='line_1_23' title="bbox 76 3293 1219 3378; baseline -0.004 -13"><span class='ocrx_word' id='word_1_191' title='bbox 76 3320 176 3366; x_wconf 79' lang='lat' dir='ltr'>canus</span> <span class='ocrx_word' id='word_1_192' title='bbox 199 3298 285 3365; x_wconf 90' lang='lat' dir='ltr'>solus</span> <span class='ocrx_word' id='word_1_193' title='bbox 310 3302 416 3364; x_wconf 90' lang='lat' dir='ltr'>autem</span> <span class='ocrx_word' id='word_1_194' title='bbox 439 3301 526 3363; x_wconf 84' lang='lat' dir='ltr'>recte</span> <span class='ocrx_word' id='word_1_195' title='bbox 548 3295 647 3362; x_wconf 90' lang='lat' dir='ltr'>habet</span> <span class='ocrx_word' id='word_1_196' title='bbox 671 3295 854 3376; x_wconf 71' lang='grc' dir='ltr'><em>Εὐθύδημος,</em></span> <span class='ocrx_word' id='word_1_197' title='bbox 876 3295 962 3378; x_wconf 90' lang='lat' dir='ltr'>quod</span> <span class='ocrx_word' id='word_1_198' title='bbox 985 3300 1094 3359; x_wconf 88' lang='lat' dir='ltr'>tuetur</span> <span class='ocrx_word' id='word_1_199' title='bbox 1117 3293 1219 3360; x_wconf 88' lang='lat' dir='ltr'>Valla.</span> 
     </span>
    </p>

    <p class='ocr_par' dir='ltr' id='par_1_9' title="bbox 73 3412 1344 4433">
     <span class='ocr_line' id='line_1_24' title="bbox 120 3412 1344 3501; baseline -0.003 -18"><span class='ocrx_word' id='word_1_200' title='bbox 120 3417 202 3483; x_wconf 87' lang='lat' dir='ltr'>Ibid.</span> <span class='ocrx_word' id='word_1_201' title='bbox 219 3415 309 3501; x_wconf 84' lang='lat' dir='ltr'>Vulg.</span> <span class='ocrx_word' id='word_1_202' title='bbox 333 3417 516 3492; x_wconf 73' lang='grc' dir='ltr'><em>Δημοσθένης</em></span> <span class='ocrx_word' id='word_1_203' title='bbox 541 3415 590 3480; x_wconf 82' lang='grc' dir='ltr'>καί</span> <span class='ocrx_word' id='word_1_204' title='bbox 613 3414 774 3496; x_wconf 77' lang='grc' dir='ltr'><em>Μένανδρος</em></span> <span class='ocrx_word' id='word_1_205' title='bbox 798 3414 846 3479; x_wconf 82' lang='grc' dir='ltr'>καί</span> <span class='ocrx_word' id='word_1_206' title='bbox 870 3414 1035 3491; x_wconf 74' lang='grc' dir='ltr'><em>Εὐθύδημος</em></span> <span class='ocrx_word' id='word_1_207' title='bbox 1054 3464 1061 3480; x_wconf 95' lang='grc'><strong>.</strong></span> <span class='ocrx_word' id='word_1_208' title='bbox 1077 3465 1083 3480; x_wconf 92' lang='grc'><strong><em>.</em></strong></span> <span class='ocrx_word' id='word_1_209' title='bbox 1099 3465 1106 3479; x_wconf 91' lang='grc'><strong>.</strong></span> <span class='ocrx_word' id='word_1_210' title='bbox 1121 3465 1128 3480; x_wconf 92' lang='grc'><strong>.</strong></span> <span class='ocrx_word' id='word_1_211' title='bbox 1146 3412 1268 3494; x_wconf 80' lang='grc' dir='ltr'><em>ἄραντες</em></span> <span class='ocrx_word' id='word_1_212' title='bbox 1284 3415 1344 3479; x_wconf 79' lang='grc' dir='ltr'>άπὸ</span> 
     </span>
     <span class='ocr_line' id='line_1_25' title="bbox 74 3532 1344 3616; baseline -0.002 -16"><span class='ocrx_word' id='word_1_213' title='bbox 74 3541 125 3600; x_wconf 82' lang='grc' dir='ltr'><em>τοῦ</em></span> <span class='ocrx_word' id='word_1_214' title='bbox 148 3536 257 3601; x_wconf 82' lang='grc' dir='ltr'><em>ἑαυτῶν</em></span> <span class='ocrx_word' id='word_1_215' title='bbox 280 3533 475 3616; x_wconf 78' lang='grc' dir='ltr'><em>στρατοπέδου</em></span> <span class='ocrx_word' id='word_1_216' title='bbox 500 3534 580 3606; x_wconf 82' lang='grc' dir='ltr'><em>εὐθὺς</em></span> <span class='ocrx_word' id='word_1_217' title='bbox 604 3535 708 3599; x_wconf 81' lang='grc' dir='ltr'><em>ἔπλεον</em></span> <span class='ocrx_word' id='word_1_218' title='bbox 732 3533 800 3613; x_wconf 84' lang='grc' dir='ltr'><em>πρὸς</em></span> <span class='ocrx_word' id='word_1_219' title='bbox 823 3532 856 3597; x_wconf 81' lang='grc' dir='ltr'><em>τὸ</em></span> <span class='ocrx_word' id='word_1_220' title='bbox 878 3532 998 3613; x_wconf 77' lang='grc' dir='ltr'><em>ζεῦγμα</em></span> <span class='ocrx_word' id='word_1_221' title='bbox 1022 3540 1072 3597; x_wconf 80' lang='grc' dir='ltr'><em>τοῦ</em></span> <span class='ocrx_word' id='word_1_222' title='bbox 1096 3533 1209 3611; x_wconf 92' lang='grc' dir='ltr'><em>λιμένος</em></span> <span class='ocrx_word' id='word_1_223' title='bbox 1229 3533 1344 3598; x_wconf 75' lang='grc' dir='ltr'><em>καὶτὸν</em></span> 
     </span>
     <span class='ocr_line' id='line_1_26' title="bbox 74 3651 1343 3738; baseline 0.002 -20"><span class='ocrx_word' id='word_1_224' title='bbox 74 3654 314 3735; x_wconf 79' lang='grc' dir='ltr'><em>παραλειφθέντα</em></span> <span class='ocrx_word' id='word_1_225' title='bbox 346 3653 494 3718; x_wconf 78' lang='grc' dir='ltr'><em>διέκπλουν</em></span> <span class='ocrx_word' id='word_1_226' title='bbox 525 3653 693 3730; x_wconf 84' lang='grc' dir='ltr'><em>βουλθμενοι</em></span> <span class='ocrx_word' id='word_1_227' title='bbox 732 3652 895 3730; x_wconf 90' lang='grc' dir='ltr'><em>βιάσασθαι</em></span> <span class='ocrx_word' id='word_1_228' title='bbox 926 3653 955 3724; x_wconf 83' lang='grc' dir='ltr'>ἐς</span> <span class='ocrx_word' id='word_1_229' title='bbox 987 3653 1020 3716; x_wconf 83' lang='grc' dir='ltr'><em>τὸ</em></span> <span class='ocrx_word' id='word_1_230' title='bbox 1050 3651 1115 3729; x_wconf 81' lang='grc' dir='ltr'>ἔξω.</span> <span class='ocrx_word' id='word_1_231' title='bbox 1154 3652 1181 3717; x_wconf 93' lang='grc' dir='ltr'><strong>Β</strong></span> <span class='ocrx_word' id='word_1_232' title='bbox 1213 3659 1343 3738; x_wconf 86' lang='lat' dir='ltr'>praeter</span> 
     </span>
     <span class='ocr_line' id='line_1_27' title="bbox 73 3770 1340 3857; baseline -0.001 -18"><span class='ocrx_word' id='word_1_233' title='bbox 73 3772 316 3857; x_wconf 83' lang='grc' dir='ltr'><em>καταλειφθέντα</em></span> <span class='ocrx_word' id='word_1_234' title='bbox 347 3770 425 3856; x_wconf 85' lang='lat' dir='ltr'>legit</span> <span class='ocrx_word' id='word_1_235' title='bbox 448 3771 545 3839; x_wconf 79' lang='lat' dir='ltr'>etiam</span> <span class='ocrx_word' id='word_1_236' title='bbox 569 3773 821 3853; x_wconf 81' lang='grc' dir='ltr'><em>παραλειφθέντα.</em></span> <span class='ocrx_word' id='word_1_237' title='bbox 869 3770 953 3837; x_wconf 83' lang='lat' dir='ltr'>Satis</span> <span class='ocrx_word' id='word_1_238' title='bbox 976 3772 1146 3838; x_wconf 81' lang='lat' dir='ltr'>intricatus</span> <span class='ocrx_word' id='word_1_239' title='bbox 1171 3779 1219 3838; x_wconf 84' lang='lat' dir='ltr'>est</span> <span class='ocrx_word' id='word_1_240' title='bbox 1241 3772 1340 3838; x_wconf 74' lang='lat' dir='ltr'>locus</span> 
     </span>
     <span class='ocr_line' id='line_1_28' title="bbox 73 3890 1340 3978; baseline -0.003 -19"><span class='ocrx_word' id='word_1_241' title='bbox 73 3893 157 3960; x_wconf 90' lang='lat' dir='ltr'>Olim</span> <span class='ocrx_word' id='word_1_242' title='bbox 184 3893 253 3978; x_wconf 90' lang='lat' dir='ltr'>jam</span> <span class='ocrx_word' id='word_1_243' title='bbox 284 3890 396 3976; x_wconf 88' lang='lat' dir='ltr'>Poppo</span> <span class='ocrx_word' id='word_1_244' title='bbox 428 3891 587 3958; x_wconf 88' lang='lat' dir='ltr'>dubitavit</span> <span class='ocrx_word' id='word_1_245' title='bbox 617 3893 657 3957; x_wconf 86' lang='lat' dir='ltr'>de</span> <span class='ocrx_word' id='word_1_246' title='bbox 688 3891 872 3957; x_wconf 84' lang='lat' dir='ltr'>sinceritate</span> <span class='ocrx_word' id='word_1_247' title='bbox 905 3891 1073 3956; x_wconf 86' lang='lat' dir='ltr'>verborum</span> <span class='ocrx_word' id='word_1_248' title='bbox 1101 3891 1150 3955; x_wconf 78' lang='grc' dir='ltr'>καί</span> <span class='ocrx_word' id='word_1_249' title='bbox 1175 3893 1224 3955; x_wconf 77' lang='grc' dir='ltr'>τὸν</span> <span class='ocrx_word' id='word_1_250' title='bbox 1246 3915 1340 3955; x_wconf 86' lang='grc' dir='ltr'><em>κατα-</em></span> 
     </span>
     <span class='ocr_line' id='line_1_29' title="bbox 73 4010 1341 4097; baseline -0.002 -21"><span class='ocrx_word' id='word_1_251' title='bbox 73 4011 233 4094; x_wconf 80' lang='grc' dir='ltr'><em>λειφθέντα</em></span> <span class='ocrx_word' id='word_1_252' title='bbox 264 4010 425 4095; x_wconf 78' lang='grc' dir='ltr'><em>διέκπλουν,</em></span> <span class='ocrx_word' id='word_1_253' title='bbox 453 4031 536 4095; x_wconf 89' lang='lat' dir='ltr'>quae</span> <span class='ocrx_word' id='word_1_254' title='bbox 559 4012 699 4097; x_wconf 86' lang='lat' dir='ltr'>speeiem</span> <span class='ocrx_word' id='word_1_255' title='bbox 722 4012 1001 4095; x_wconf 88' lang='lat' dir='ltr'>interpretamenti</span> <span class='ocrx_word' id='word_1_256' title='bbox 1025 4011 1066 4076; x_wconf 88' lang='lat' dir='ltr'>ad</span> <span class='ocrx_word' id='word_1_257' title='bbox 1089 4031 1198 4076; x_wconf 85' lang='lat' dir='ltr'>vocem</span> <span class='ocrx_word' id='word_1_258' title='bbox 1221 4010 1341 4090; x_wconf 72' lang='grc' dir='ltr'><em>ζεῦγμα</em></span> 
     </span>
     <span class='ocr_line' id='line_1_30' title="bbox 75 4128 1339 4215; baseline -0.002 -18"><span class='ocrx_word' id='word_1_259' title='bbox 75 4137 162 4198; x_wconf 82' lang='lat' dir='ltr'>certo</span> <span class='ocrx_word' id='word_1_260' title='bbox 186 4128 304 4196; x_wconf 74' lang='lat' dir='ltr'>ceruus</span> <span class='ocrx_word' id='word_1_261' title='bbox 327 4129 494 4215; x_wconf 87' lang='lat' dir='ltr'>praebent.</span> <span class='ocrx_word' id='word_1_262' title='bbox 529 4130 760 4197; x_wconf 86' lang='lat' dir='ltr'>Herwerdenus</span> <span class='ocrx_word' id='word_1_263' title='bbox 785 4130 824 4197; x_wconf 86' lang='lat' dir='ltr'>de</span> <span class='ocrx_word' id='word_1_264' title='bbox 848 4130 935 4196; x_wconf 84' lang='lat' dir='ltr'>hisce</span> <span class='ocrx_word' id='word_1_265' title='bbox 959 4129 1070 4196; x_wconf 82' lang='lat' dir='ltr'>eodem</span> <span class='ocrx_word' id='word_1_266' title='bbox 1094 4128 1187 4194; x_wconf 89' lang='lat' dir='ltr'>modo</span> <span class='ocrx_word' id='word_1_267' title='bbox 1204 4129 1339 4214; x_wconf 85' lang='lat' dir='ltr'>cogitat,</span> 
     </span>
     <span class='ocr_line' id='line_1_31' title="bbox 74 4245 1339 4332; baseline -0.002 -18"><span class='ocrx_word' id='word_1_268' title='bbox 74 4257 148 4325; x_wconf 89' lang='lat' dir='ltr'>aut,</span> <span class='ocrx_word' id='word_1_269' title='bbox 173 4247 201 4313; x_wconf 90' lang='lat' dir='ltr'>si</span> <span class='ocrx_word' id='word_1_270' title='bbox 224 4247 296 4332; x_wconf 87' lang='lat' dir='ltr'>quis</span> <span class='ocrx_word' id='word_1_271' title='bbox 319 4246 416 4313; x_wconf 86' lang='lat' dir='ltr'>verba</span> <span class='ocrx_word' id='word_1_272' title='bbox 439 4268 459 4313; x_wconf 86' lang='lat' dir='ltr'>a</span> <span class='ocrx_word' id='word_1_273' title='bbox 481 4247 634 4332; x_wconf 89' lang='lat' dir='ltr'>Poppone</span> <span class='ocrx_word' id='word_1_274' title='bbox 658 4247 811 4313; x_wconf 89' lang='lat' dir='ltr'>damnata</span> <span class='ocrx_word' id='word_1_275' title='bbox 831 4247 998 4314; x_wconf 88' lang='lat' dir='ltr'>retinenda</span> <span class='ocrx_word' id='word_1_276' title='bbox 1014 4267 1086 4312; x_wconf 84' lang='lat' dir='ltr'>esse</span> <span class='ocrx_word' id='word_1_277' title='bbox 1102 4251 1208 4330; x_wconf 87' lang='lat' dir='ltr'>putet,</span> <span class='ocrx_word' id='word_1_278' title='bbox 1226 4245 1339 4312; x_wconf 82' lang='lat' dir='ltr'>saltem</span> 
     </span>
     <span class='ocr_line' id='line_1_32' title="bbox 75 4365 1339 4433; baseline -0.004 0"><span class='ocrx_word' id='word_1_279' title='bbox 75 4367 125 4433; x_wconf 80' lang='grc' dir='ltr'>καί</span> <span class='ocrx_word' id='word_1_280' title='bbox 150 4366 276 4432; x_wconf 86' lang='lat' dir='ltr'>uncinis</span> <span class='ocrx_word' id='word_1_281' title='bbox 301 4365 464 4432; x_wconf 85' lang='lat' dir='ltr'>includere</span> <span class='ocrx_word' id='word_1_282' title='bbox 486 4366 569 4433; x_wconf 86' lang='lat' dir='ltr'>velit.</span> <span class='ocrx_word' id='word_1_283' title='bbox 607 4367 649 4431; x_wconf 88' lang='lat' dir='ltr'>Et</span> <span class='ocrx_word' id='word_1_284' title='bbox 671 4366 732 4432; x_wconf 84' lang='lat' dir='ltr'>hoc</span> <span class='ocrx_word' id='word_1_285' title='bbox 755 4371 788 4432; x_wconf 89' lang='lat' dir='ltr'>et</span> <span class='ocrx_word' id='word_1_286' title='bbox 808 4365 888 4432; x_wconf 91' lang='lat' dir='ltr'>illud</span> <span class='ocrx_word' id='word_1_287' title='bbox 912 4365 1040 4432; x_wconf 87' lang='lat' dir='ltr'>arridet.</span> <span class='ocrx_word' id='word_1_288' title='bbox 1074 4366 1210 4432; x_wconf 85' lang='lat' dir='ltr'>Textum</span> <span class='ocrx_word' id='word_1_289' title='bbox 1232 4372 1339 4431; x_wconf 85' lang='lat' dir='ltr'>autem</span> 
     </span>
    </p>
   </div>
   <div class='ocr_carea' id='block_1_5' title="bbox 0 0 1554 4988">
    <p class='ocr_par' dir='ltr' id='par_1_10' title="bbox 0 0 1554 4988">
     <span class='ocr_line' id='line_1_33' title="bbox 0 0 1554 4988; baseline 0 0"><span class='ocrx_word' id='word_1_290' title='bbox 0 0 1554 4988; x_wconf 95' lang='lat' dir='ltr'> </span> 
     </span>
    </p>
   </div>
  </div>
 </body>
</html>
