3098 4988
688 318 730 381 67

75 557 157 637 104,
183 557 201 622 1
226 560 259 623 et
280 556 359 645 VII,
385 556 414 640 7,
443 560 458 621 l
484 555 740 641 cognoverimus,
771 576 836 622 non
868 554 1050 621 iaciendum
1073 559 1122 621 est
1146 574 1217 620 curn
1240 552 1286 632 B,
1309 552 1342 617 in

74 697 138 760 quo
161 677 193 741 ai
218 680 267 742 est
290 666 451 743 omissum.
498 675 593 742 Valla
616 675 696 741 nihil
718 676 820 742 docet.

116 793 200 862 Ibid.
236 795 327 880 Vulg.
362 795 652 875 ξνμσολεμιίσοισοοι,
678 810 700 862 Β
724 796 1040 875 ξνμδιοντολεμησοοσονι
1068 792 1250 859 accuratius
1278 791 1341 857 dic·

72 919 156 980 tum:
180 912 267 980 haud
290 919 400 982 tamen
422 916 489 982 scio
513 937 623 983 annon
647 915 811 1000 scriptoris
834 915 935 1000 ipsius
959 914 1002 980 sit
1029 912 1197 997 manuel).
1231 910 1341 978 Vallaz

75 1038 170 1118 „post
191 1039 318 1116 gestum
341 1033 408 1100 illic
431 1035 642 1101 communiter
664 1034 815 1101 bellum.'’

115 1149 197 1216 Ibid.
233 1150 325 1236 Vulg.
348 1154 588 1235 ἀποληφίεῑσσιν,
613 1158 650 1219 ut
672 1151 784 1219 Valla:
812 1146 1076 1237 „deprehensae”
1110 1147 1246 1214 Bmale
1267 1148 1342 1212 σίτο-

70 1272 249 1351 ληφθεῖσαν.

117 1538 224 1624 Caput
249 1539 290 1603 14
306 1537 330 1628 ἓ
346 1539 378 1606 2.
402 1538 495 1625 Vulg.
520 1540 570 1603 nal
594 1539 795 1616 λεγομένων
822 1537 932 1621 λίνων,
957 1549 979 1601 Β
1002 1535 1199 1612 γενομένων
1215 1533 1342 1619 elegan-

71 1658 144 1722 tius.
180 1655 288 1722 Valla:
316 1654 508 1735 „Chalcideo
532 1663 565 1723 et
587 1657 754 1723 Alcibiade
779 1656 968 1723 dicentibus.

118 1774 142 1865 ξ
167 1778 196 1841 3.
221 1775 314 1859 Vulg.
338 1775 493 1854 διαβάντες
517 1775 543 1839 δ’
567 1777 666 1852 εὐθὺς,
691 1789 713 1841 Β
736 1797 795 1860 pre
819 1799 852 1840 τε
876 1773 975 1840 habet
997 1773 1043 1858 a,
1068 1772 1154 1858 quod
1170 1772 1341 1840 Glasscnus

72 1893 234 1960 defendit:
259 1919 307 1978 τε,
337 1892 396 1959 das
421 1892 495 1959 Vat.
520 1898 600 1961 statt
623 1895 652 1959 a
675 1894 790 1979 bietet‚
813 1892 903 1960 idhrt
926 1893 977 1959 die
1000 1891 1227 1959 unmittelbare
1246 1893 1342 1978 Fulge

73 2013 129 2079 des
155 2011 445 2097 Veraufgehenden
477 2011 557 2081 ein.’'
604 2013 696 2092 Quod
727 2019 833 2079 autem
858 2014 885 2079 si
908 2033 1015 2079 verum
1039 2018 1103 2090 est,
1130 2010 1283 2097 sequitur,
1305 2017 1343 2078 ut

71 2130 210 2196 libenter
242 2150 409 2197 careamus
441 2131 540 2209 εὐθύς,
565 2131 654 2216 quod
678 2152 789 2197 revera
812 2152 877 2198 non
904 2131 982 2197 vidit
997 2130 1105 2198 Valla:
1143 2131 1210 2211 „Et
1236 2131 1343 2197 cuncti

74 2249 267 2318 Clazomenii
289 2250 484 2335 transgressi
507 2250 541 2315 in
565 2247 809 2331 continentem'’,
829 2270 905 2317 voce
923 2248 1068 2335 „cuncti”
1084 2255 1191 2316 autem
1207 2249 1341 2316 cursivis

74 2390 228 2456 expressa
250 2368 372 2435 litteris.

115 2488 198 2554 Ibid.
222 2487 317 2572 Vulg.
341 2486 452 2560 τοίνσες
477 2490 506 2553 ἐν
528 2490 695 2571 τειχισμῷ,
719 2501 740 2552 Β
764 2488 793 2551 ἐν
816 2490 960 2570 τειχισμῷ
983 2512 1016 2553 τε
1032 2512 1152 2560 τονντες.
1181 2486 1264 2565 Quid
1280 2486 1341 2553 sibi

72 2607 147 2673 velit
169 2631 219 2686 τε,
245 2627 264 2672 a
288 2604 384 2671 Valla
407 2606 603 2689 neglectum,
627 2626 692 2672 non
715 2605 815 2672 video.

115 2863 223 2958 Caput
248 2874 288 2938 15
312 2871 336 2962 ξ
362 2874 389 2938 i.
420 2871 511 2957 Vulg.
536 2879 588 2944 τῆς
612 2871 757 2949 μεγίστης
780 2872 892 2944 πόλεως
915 2872 1195 2949 μεθεστηκνίονς,
1220 2893 1261 2938 ex
1281 2893 1341 2939 usu

71 2992 236 3078 scriptoris
261 2991 381 3056 dictum
399 2991 437 3072 2),
460 2992 487 3056 B
503 2992 712 3072 οὶφεστηιιυί
717 3016 771 3071 σς,
790 2992 875 3075 quod
886 2991 1008 3057 inutilis
1021 2992 1222 3078 conjecturae
1239 2990 1341 3056 simile

74 3134 143 3179 esse
168 3111 295 3177 videtur
317 3109 543 3176 Herwcrdeuc.
580 3108 676 3175 Valla
702 3115 796 3194 „post
818 3110 976 3176 maximae
999 3109 1087 3176 urbis
1109 3108 1340 3177 rebellionem.”

116 3228 197 3296 Ibid.
225 3228 315 3313 Vulg.
339 3228 547 3312 ἐψηφίσαντο.
563 3277 592 3294 ..
618 3234 687 3301 νσιῦς
710 3236 835 3312 πληροῦν
858 3230 904 3305 μνί
928 3230 1050 3307 ὀλίγοις,
1074 3241 1096 3293 Β
1120 3231 1180 3293 οὐκ
1202 3228 1340 3295 fortasse

72 3351 199 3417 rectius.

14 3462 16 3466 ¹
117 3468 199 3535 Ibid.
224 3467 316 3552 Vulg.
351 3467 589 3548 eroassrxrbnc‚
624 3478 646 3531 Β
678 3466 916 3546 Στρομμνχίδης,
949 3466 1110 3533 sollemnis
1141 3487 1242 3536 error.
1288 3466 1340 3533 Sic

74 3587 172 3654 etiam
196 3608 223 3653 c.
249 3587 309 3666 16,
333 3583 394 3663 30,
418 3586 470 3650 62.

119 3854 227 3938 Caput
259 3854 300 3919 16
323 3851 348 3942 ξ
372 3854 402 3917 1.
439 3852 531 3937 Vulg.
562 3853 612 3917 κοί
635 3853 649 3917 d
672 3852 756 3935 σεζος
780 3853 848 3931 οἷμον
870 3853 929 3918 nal
952 3854 965 3918 i
989 3858 1044 3918 τῶν
1067 3853 1268 3934 Κλαζομενίων
1291 3852 1339 3916 nal

74 3971 243 4052 ’Βουθροιίον
267 3975 379 4056 rapiet.
410 3972 449 4037 In
471 3972 498 4037 Β
522 3971 614 4038 abest
637 3972 686 4037 καί
712 3972 866 4057 alterum,
889 3972 986 4057 idque
1002 3978 1097 4039 recte.
1121 3970 1231 4056 Neque
1245 3969 1341 4037 Valla

106 4282 134 4346 l)
154 4283 186 4332 cf.
204 4282 283 4345 praei.
301 4297 359 4347 pag.
376 4281 448 4332 lllll.

109 4379 136 4443 Β)
154 4379 185 4430 el.
203 4376 232 4441 1,
253 4376 313 4441 107,
332 4377 356 4428 ln.
373 4377 401 4441 Β,
420 4376 459 4441 67,
477 4377 500 4428 l.
518 4377 546 4440 5,
565 4377 609 4441 29,
628 4377 651 4427 i.
