3098 4988
759 298 802 363 47

141 534 244 602 libros
277 535 454 603 audiendos
489 556 561 603 esse
591 535 624 602 in
657 537 774 621 quibus
807 535 1008 603 desideratur
1038 533 1133 600 ἄλλοι.
1178 533 1291 600 Eidem
1331 535 1414 600 enim

143 652 358 721 Athenienses
390 661 687 741 commemorantur,
719 677 855 740 quorum
887 654 1007 721 mentio
1034 655 1103 740 J‘am
1134 652 1223 721 faeta
1247 659 1297 720 est
1320 675 1347 718 e.
1371 653 1413 718 69
1521 719 1525 726 ,

141 772 218 855 §4-
254 773 350 840 Valla
382 794 456 840 oum
488 775 515 840 B
550 773 645 841 facit:
684 774 914 857 „Athenienses
949 779 1164 859 posteaquam
1199 771 1241 837 ad
1276 773 1412 840 obsessos

146 889 279 971 „lauces
302 891 456 961 subiere’'.
480 893 542 960 Vix
564 894 652 980 opud
675 898 724 961 ost
747 893 854 960 dicere
877 892 974 959 etiam
999 892 1103 958 minus
1119 911 1216 974 quam
1233 889 1319 956 ἄλλοι
1336 891 1415 958 lerri

143 1031 240 1095 posse
263 1012 313 1076 καὶ
338 1011 426 1095 quod
449 1012 570 1078 habent
592 1022 617 1078 E
642 1018 674 1078 et
698 1011 867 1098 Dionysius
891 1012 977 1097 (pag.
1003 1011 1083 1094 875)
1106 1016 1182 1075 ante
1205 1011 1238 1075 ol.

189 1129 271 1196 Ibid.
295 1129 387 1215 Vulg.
417 1133 449 1197 οὐ
480 1131 548 1211 πρὸς
581 1133 621 1213 τῷ
652 1129 800 1213 ζεύγματι
831 1131 874 1196 ἔτι
905 1129 990 1207 μόνον
1014 1131 1030 1205 ἡ
1055 1130 1232 1214 ναυμαχία,
1256 1128 1413 1204 ἀλλὰκαὶ

141 1248 225 1314 κατὰ
256 1247 306 1312 τὸν
335 1249 442 1326 λιμένα
473 1250 617 1326 ἐγίγνετο.
667 1247 784 1315 Dubito
816 1268 892 1313 num
925 1247 1064 1314 editores
1095 1251 1182 1313 recta
1216 1247 1243 1312 B
1270 1245 1413 1313 inserue-

142 1365 209 1432 rint
239 1361 272 1439 ἦν
302 1370 377 1434 ante
412 1370 429 1443 ἧ
463 1369 642 1448 ναυμαχία,
681 1387 753 1433 oum
787 1386 852 1431 non
886 1367 990 1432 solum
1021 1365 1061 1431 de
1096 1385 1205 1450 pugna
1236 1365 1270 1429 in
1299 1369 1414 1449 portu,

141 1485 340 1551 sedetiam
383 1485 423 1552 de
462 1486 585 1571 proelio
616 1485 703 1570 apud
735 1484 891 1563 claustra,
924 1483 1064 1551 nondum
1094 1482 1203 1564 finito,
1233 1482 1267 1547 ni
1298 1482 1413 1560 fallor,

141 1610 230 1671 recte
262 1603 389 1670 dicatur
410 1603 633 1690 imperfectum
656 1605 801 1682 ἐγίγνετο.
847 1601 942 1669 Valla
964 1603 1214 1687 interpretatur:
1241 1622 1324 1681 „non
1344 1601 1412 1686 jam

140 1741 202 1806 pro
242 1721 399 1807 angustiis
439 1722 544 1788 exitus
575 1727 718 1800 tantum,
751 1721 808 1789 sed
843 1723 939 1815 otiam
972 1721 1058 1788 intra
1091 1726 1221 1807 portum
1255 1720 1411 1805 proelium

141 1837 347 1923 gerebatur”.

187 1955 212 2047 ξ
235 1959 266 2024 3.
290 1957 385 2043 Vulg.
409 1954 439 2024 οἵ
455 1958 599 2036 ἐπιβάται
624 1957 799 2045 ἐθεράπευον,
819 1956 876 2025 ὅτε
899 1959 1053 2039 προσπέσοι
1074 1965 1142 2031 ναῦς
1159 1960 1203 2032 ναί
1211 2007 1221 2037 ,
1249 1957 1409 2034 seseve,

141 2075 230 2160 quod
253 2073 396 2142 Stahlius
419 2080 452 2142 et
474 2074 708 2142 Hsrwerdsnus
730 2080 921 2160 receperunt
943 2080 976 2141 st
1000 2075 1096 2142 Valla
1117 2075 1239 2141 retulit:
1264 2076 1409 2160 „quoties
1509 2137 1511 2141 r

142 2193 233 2261 navis
257 2215 371 2260 navem
393 2193 602 2262 incurreret''.

185 2310 210 2402 ξ
232 2312 264 2379 4.
286 2312 366 2380 (lum
390 2313 541 2400 Dionysio
565 2333 675 2381 omnes
699 2312 773 2379 libri
796 2312 905 2399 legunt
920 2314 1091 2398 ἐκβολαὶ,
1119 2313 1206 2380 solus
1222 2313 1257 2378 Ε.
1274 2313 1411 2397 praebet

139 2430 281 2508 ἐμβολαί.
316 2431 358 2497 Et
387 2429 482 2498 Valla
513 2453 533 2498 a
563 2431 671 2498 codiee
700 2432 727 2496 E
759 2431 912 2498 decedere
943 2431 1085 2498 ridetur:
1128 2433 1215 2512 „rari
1256 2452 1410 2500 excursus

139 2547 292 2616 fiebant’.

185 2666 268 2735 Ibid.
292 2668 387 2754 Vulg.
410 2672 447 2742 ὡς
470 2670 574 2750 τύχοι
598 2674 705 2750 reet03
728 2682 749 2735 Β
775 2672 811 2743 ὡς
838 2668 953 2751 ἔτυχον.

184 2785 210 2877 ξ
235 2789 264 2854 7.
289 2786 383 2871 Vulg.
417 2788 514 2863 nothi
548 2789 608 2867 ναι
642 2788 675 2864 δὴ
710 2788 922 2868 παρακέλευσις
956 2789 1005 2853 καὶ
1044 2789 1100 2867 βοὴ
1238 2791 1318 2854 κατα
1355 2792 1406 2865 τὴν

138 2903 247 2988 τέχνην
278 2907 328 2971 καὶ
359 2907 427 2988 πρὸς
459 2907 511 2983 τὴν
541 2907 650 2972 αὐτίκα
682 2908 843 2988 Φιλονιιιίαν
870 2909 1021 2985 ἕνίννετοι
1045 2908 1072 2972 Β
1096 2912 1171 2974 ante
1193 2911 1406 2988 παρακέλευσις

138 3026 253 3094 inserit
276 3030 309 3104 i,
341 3031 373 3092 et
403 3025 501 3112 paulo
531 3024 616 3092 infra
646 3052 679 3091 τε
710 3031 785 3093 anto
808 3027 859 3101 rba
887 3026 1004 3106 τέχναι.
1041 3025 1087 3091 De
1110 3024 1245 3091 articulo
1269 3048 1289 3091 a
1311 3025 1406 3094 Valla

139 3142 220 3210 nihil
249 3143 400 3211 doeemur
407 3170 416 3223 3
448 3143 597 3229 copulam
619 3148 727 3210 tomen
750 3144 903 3210 hocloco
928 3142 1143 3228 significanter
1166 3142 1310 3209 additam
1332 3164 1405 3210 eum

138 3261 254 3328 vidisse
278 3267 422 3328 constat:
448 3265 536 3342 „tum
559 3282 599 3327 ex
622 3266 691 3329 arte
713 3260 957 3346 gubernatoris,
986 3265 1056 3326 tum
1078 3279 1118 3325 ex
1141 3262 1305 3345 praesenti
1328 3283 1403 3330 oon·

137 3380 280 3447 tentione
303 3380 479 3447 vincendi'.

182 3496 263 3588 §8.
293 3497 386 3583 Vulg.
416 3501 494 3563 κατ’
524 3497 675 3576 ανάγκην,
707 3511 729 3564 Β
754 3498 787 3562 δι’
810 3497 962 3576 ανάγκην,
995 3499 1080 3583 quod
1111 3499 1284 3567 Classenus
1316 3501 1403 3567 solus

136 3615 285 3702 probavit
310 3618 360 3700 (ol.
382 3615 407 3707 ξ
430 3619 474 3704 6.)
491 3618 514 3703 l)

181 3736 261 3802 Ibid.
284 3735 376 3821 Vulg.
400 3737 423 3801 εἰ
446 3739 498 3813 τὴν
520 3738 744 3814 πολεμιωτάτην
766 3745 822 3814 γῆν
841 3736 1006 3817 οἰκειοτέραν
1022 3737 1073 3812 ἤδη
1089 3743 1141 3809 τῆς
1157 3739 1193 3801 οὐ
1217 3737 1255 3801 δι’
1277 3740 1400 3815 ὀλίγον

135 3853 314 3931 κεκτημένης
344 3855 495 3931 θαλάσσας
527 3857 677 3934 ἡγούμενοι
709 3857 911 3936 ὑποχωροῦσιν.
947 3853 1123 3920 Vaticanus
1155 3856 1241 3920 solus
1272 3854 1402 3921 exhibet

135 3979 167 4041 οὐ
201 3975 234 4039 δι’
268 3975 368 4051 ὀλίγου
403 3976 522 4056 τόνον,
557 3976 643 4060 quod
678 3975 838 4041 stabilitur
872 3997 892 4040 a
922 3974 1032 4040 Valla:
1067 3995 1174 4052 „mare
1200 3994 1264 4039 non
1287 3974 1399 4058 exiguo

135 4094 246 4161 labore
278 4094 476 4162 obtentum”.
522 4094 668 4178 Popponi
698 4094 867 4178 quominus
899 4099 931 4159 et
958 4094 1010 4159 hie
1033 4098 1066 4159 et
1088 4093 1157 4158 aliie
1181 4092 1213 4156 in
1237 4092 1315 4157 locis
1339 4113 1400 4159 acu

137 4259 382 4270 ...-,.-.-.-----

169 4347 197 4413 l)
216 4348 247 4399 cl.
267 4346 387 4399 Stahlius
406 4346 434 4397 in
453 4346 566 4398 editione
583 4345 688 4409 majore.
