3098 4988
681 343 724 407 49

68 599 168 663 quum
199 587 285 646 esset
315 600 333 646 e
356 579 459 647 vicino
484 579 718 662 spectaculum,
747 583 779 644 et
801 599 931 645 omnes
955 577 1076 663 pariter
1100 576 1210 645 eodem
1234 578 1341 644 intue-

66 696 211 764 rentur”.
257 697 290 764 Si
323 699 351 770 ἐς
384 699 417 764 τὸ
448 698 521 764 αὐτὸ
554 697 760 783 intelligimus
791 697 831 764 de
853 697 1001 763 universa
1023 717 1148 781 pugna,
1178 716 1262 781 quae
1285 717 1342 762 au·

69 821 165 901 gusto
188 816 360 902 gerebatur
382 817 471 895 loco,
496 818 523 883 Β
547 822 580 884 et
594 816 689 884 Valla
704 823 791 884 recte
808 836 842 884 se
857 815 998 895 hahent3
1023 816 1051 881 si
1067 820 1175 882 tamen
1191 820 1342 900 putamus

70 933 152 1001 alios
189 934 287 1001 aliam
320 935 354 1000 in
389 936 573 1003 certaminis
605 940 731 1020 partem
761 935 870 1003 oeulos
901 934 1072 1021 direxisse,
1106 935 1237 1018 vulgata
1267 955 1342 1019 pro-

70 1051 181 1118 banda
211 1056 267 1118 est
312 1052 417 1119 Locus
449 1074 521 1119 cum
553 1054 595 1121 sit
626 1059 814 1140 corruptus,
852 1053 931 1119 nihil
962 1072 1013 1118 me
1039 1052 1148 1138 judice
1171 1073 1230 1137 pro
1254 1056 1342 1118 certo

73 1175 218 1238 statuere
240 1172 322 1240 licet

117 1290 200 1356 Ibid.
224 1290 317 1376 Vulg.
341 1291 538 1374 ἀνεθάρσησαν
560 1319 593 1359 τε
616 1292 661 1360 ἂν.
696 1294 723 1359 Β
746 1293 864 1379 injuria
886 1291 923 1358 dcv
946 1292 1061 1360 omisit.
1170 1351 1173 1357 .

116 1406 141 1498 ᾖ
173 1409 203 1474 7.
236 1408 327 1495 Vulg.
363 1405 396 1484 ἦν
426 1435 459 1475 πε
491 1412 520 1476 ἐν
552 1415 595 1510 spi
623 1414 794 1492 παραυτίκα
830 1412 965 1489 οὐδεμιᾶς
996 1411 1029 1483 tl
1059 1415 1115 1475 τῶν
1145 1407 1342 1486 ξυμπασῶν

70 1528 204 1592 ἔλασσον
238 1527 396 1607 ἔκπληξις,
429 1529 513 1614 quod
545 1530 645 1597 habet
674 1529 772 1597 etism
802 1529 910 1596 Valla:
948 1529 1043 1609 „Fuit
1072 1532 1179 1595 autem
1210 1526 1341 1612 (legitne

74 1646 163 1727 „stol
190 1667 228 1713 eo
263 1653 421 1714 momento
456 1670 555 1733 pavor
585 1653 712 1737 tantus,
744 1653 781 1713 ut
811 1648 917 1714 nullus
941 1647 1221 1732 exsuperioribus
1245 1647 1342 1713 exsti-

70 1765 149 1832 terit
173 1765 327 1852 „major’'.
374 1767 400 1832 B
424 1788 483 1852 pro
506 1765 669 1844 ξυμπασῶν
696 1765 898 1834 commendat
920 1765 1080 1833 infelicem
1108 1765 1338 1832 correctionem

72 1889 237 1966 συμφορῶν.

118 2001 202 2071 Ibid.
227 2003 319 2090 Vulg.
343 2011 416 2078 τοῖς
440 2005 694 2092 Λακεδαιμονίοις,
723 2005 750 2070 Β
774 2004 947 2072 articulum
970 2025 1035 2072 non
1059 2004 1218 2089 exprimit.

119 2299 226 2385 eaput
249 2301 291 2366 72
313 2298 338 2390 ξ
362 2301 391 2366 2.
422 2300 515 2387 Vulg.
545 2310 597 2376 πῆς
625 2301 655 2366 δὲ
681 2302 780 2375 νυκτὸς
807 2300 1042 2379 ἐβουλεύοντο
1066 2300 1146 2368 εὐθὺς
1169 2303 1342 2380 ἀναχωρεῖν.

74 2417 124 2483 Ex
147 2417 174 2482 Β
197 2417 336 2486 editores
358 2424 549 2505 receperunt
571 2421 737 2507 ἐβούλοντο,
762 2421 847 2504 quod
871 2418 1042 2486 Olasseuus
1070 2417 1228 2485 defendit:
1258 2416 1342 2495 ἐβού-

74 2553 157 2602 λοντο
189 2536 263 2604 Vat.
298 2559 379 2618 „nur
410 2538 469 2605 das
500 2560 566 2605 war
594 2539 647 2605 ihr
669 2538 873 2624 verlangen’'.
919 2538 1103 2617 ἐβουλεύσαο
1128 2539 1185 2604 der
1208 2537 1342 2620 iibrigen

75 2657 149 2725 Hes.
180 2663 272 2743 passt
301 2657 400 2725 sehon
431 2678 537 2743 wegen
568 2658 647 2731 εὐθύς
679 2658 768 2723 nicht
799 2654 953 2734 hierher”‚
1000 2654 1088 2734 Quae
1119 2655 1147 2722 si
1170 2676 1245 2721 vera
1268 2658 1344 2721 sunt

76 2796 206 2842 necesse
229 2782 279 2843 est
300 2776 511 2843 Athenienses
533 2784 586 2851 τῆς
610 2775 639 2840 δὲ
662 2776 761 2848 νυκτὸς
785 2775 903 2841 abiisse
927 2774 1073 2842 voluisse.
1112 2773 1208 2841 Cuius
1231 2780 1341 2841 tamen

75 2893 211 2959 militum
235 2869 385 2960 desiderii
408 2893 526 2960 mentio
546 2893 636 2960 malla
649 2893 704 2969 fit,
729 2913 837 2978 neque-
850 2893 946 2959 duces
962 2893 1037 2958 huic
1053 2893 1192 2959 abeundi
1209 2890 1341 2958 consilio

76 3010 240 3079 obstitisse
270 3011 415 3097 legimus.
461 3012 529 3080 Imo
561 3034 633 3079 cum
663 3033 760 3078 naves
790 3012 964 3078 ascendere
986 3011 1192 3096 juberentur,
1218 3016 1252 3076 ut
1275 3011 1343 3086 ἅμα

76 3129 111 3212 ἕῳ
141 3131 191 3197 τὸν
220 3131 343 3197 ἔκπλουν
372 3132 535 3211 βιάσασθαι
564 3136 772 3207 conarentur,
805 3152 871 3197 non
902 3130 1010 3196 statim
1041 3135 1139 3198 noctu
1169 3150 1224 3196 eos
1254 3129 1342 3195 abire

76 3249 228 3331 voluisse,
259 3251 316 3317 sed
346 3251 440 3318 modo
471 3251 684 3328 recusavisse,
716 3251 886 3334 quominus
916 3249 1077 3315 maritimo
1107 3248 1221 3314 itinere
1249 3247 1342 3314 dece·

77 3369 207 3447 derent,
241 3375 353 3436 auctor
375 3374 497 3437 narrat.
544 3367 701 3454 Equidem
723 3368 861 3433 retinere
885 3367 994 3433 malim
1017 3367 1181 3452 vulgatam
1205 3388 1225 3433 a
1247 3366 1342 3435 Valla

77 3508 280 3573 expressam:
305 3483 583 3566 „consultabant”.

122 3603 147 3694 ξ
169 3606 200 3672 4.
222 3605 315 3690 Vulg.
346 3618 383 3688 τῇ
414 3604 499 3687 ὅσον,
523 3618 546 3671 Β
568 3630 601 3670 τε
631 3613 668 3685 τῇ
699 3603 783 3687 ἥσσῃ.
819 3602 943 3690 Copula
965 3611 1095 3688 praeter
1118 3607 1343 3674 necessitatem

78 3726 221 3792 additam
245 3725 333 3811 apud
356 3726 485 3792 Vallem
508 3747 573 3793 non
597 3731 712 3792 exstat.
799 3725 801 3728 ’

124 4022 230 4108 eaput
253 4024 295 4088 73
317 4021 342 4112 ξ
368 4025 395 4088 l.
430 4022 521 4108 Vulg.
556 4023 652 4100 λέγων
686 4028 786 4089 ταῦτα
820 4023 877 4088 καὶ
913 4023 1037 4104 dedra}
1060 4023 1161 4102 ἐδόκει,
1185 4035 1207 4087 Β
1230 4019 1251 4086 οἳ
1274 4021 1343 4089 καὶ.

78 4144 292 4211 Herwerdeno
323 4150 498 4228 praeeunte
521 4142 664 4209 Stahlius
688 4142 811 4208 uncinis
833 4142 963 4209 inclusit
984 4140 1098 4227 verba,
1127 4160 1211 4224 quae
1233 4161 1344 4208 revera

78 4261 264 4330 desiderant
292 4261 600 4347 interpretationem.
648 4261 790 4329 Classeni
825 4262 1032 4329 annotatione
1069 4258 1139 4342 „ael
1174 4261 1254 4341 αὐτῷ
1285 4281 1343 4327 aus

79 4381 207 4468 eigener
229 4378 446 4464 Vermutung”
470 4379 547 4464 quid
570 4379 738 4466 lucremur,
764 4402 828 4446 non
851 4380 950 4446 video.
988 4378 1080 4445 Valla
1102 4377 1135 4442 in
1158 4377 1344 4462 parenthesi
