3098 4988
676 334 740 398 113

67 577 169 662 pulae
192 575 277 643 enim
297 575 462 661 aptissime
485 576 660 661 apponitur
675 577 724 642 καὶ
741 577 855 661 ἐπειδὴ
874 576 1025 643 omissum
1042 577 1144 658 χρόνον
1160 575 1339 644 sententiae

68 694 265 780 elegantiam
296 699 393 780 auget
422 700 454 762 et
484 714 522 761 ex
548 695 713 780 scriptoris
737 716 797 762 usu
821 701 877 762 est.
895 695 1014 762 dictum
1038 695 1092 781 (ci.
1115 696 1152 780 4,
1176 696 1237 774 42,
1264 696 1341 764 103.

69 818 100 882 8.
133 815 201 901 88).
247 815 274 881 Β
307 814 464 900 probatur
494 836 515 882 a
544 814 654 882 Valla:
688 813 923 897 „Theramenes
952 818 1015 882 ista
1046 821 1082 883 et
1108 815 1342 902 jampridem

67 938 272 1004 tumultuans
294 935 522 1007 denuntiavit'’.

114 1055 140 1148 ξ
163 1057 195 1122 2.
218 1053 314 1142 Vulg.
336 1052 373 1121 ὦν
396 1050 470 1130 ἦσαν
492 1055 550 1121 καὶ
574 1057 612 1121 ἐκ
633 1054 822 1136 Τάραντος
846 1056 905 1121 καὶ
929 1059 966 1122 ἐκ
988 1061 1127 1137 Λοκρῶν
1148 1055 1340 1129 Ἰταλνῶτνδες

66 1177 120 1243 καὶ
145 1174 405 1248 armatorum.
443 1175 470 1241 B
494 1182 584 1242 caret
607 1175 710 1243 altero
733 1181 775 1242 lx.
812 1174 845 1242 Si
868 1177 957 1262 prius
981 1176 1029 1242 xci
1054 1182 1138 1244 esset
1164 1177 1233 1257 „et”
1258 1199 1336 1245 sane

65 1299 190 1364 iterata
212 1296 355 1381 placeret
377 1294 591 1380 praepositi03
616 1300 665 1362 est
680 1301 788 1362 autem
807 1295 941 1376 „etiam”
957 1296 1093 1380 ideoque
1110 1318 1182 1363 cum
1198 1296 1225 1362 B
1241 1299 1336 1366 lectio

67 1415 296 1484 constituenda
318 1420 386 1493 est,
410 1415 502 1482 utin
525 1414 639 1481 Vallae
660 1414 926 1500 interpretatione
949 1420 998 1483 est
1021 1415 1157 1485 iactum:
1181 1437 1338 1505 „quarum

65 1535 245 1604 nonnullae
267 1540 361 1602 erant
383 1555 401 1601 e
424 1534 564 1601 Tarento
588 1540 621 1600 et
644 1534 755 1601 Locris
779 1534 912 1602 Italicae
936 1539 968 1602 et
992 1535 1201 1603 Sicilienses''.

112 1656 196 1725 Ibid.
222 1655 315 1741 Vulg.
340 1656 377 1720 In
400 1653 549 1739 vulgatae
572 1654 709 1733 ὅρμοῦοαο
733 1655 784 1731 ἤδη
808 1663 861 1730 τῆς
884 1664 1070 1736 Λακωνικῆς,
1096 1656 1123 1721 Β
1147 1661 1180 1722 et
1202 1655 1249 1722 (ll.
1266 1661 1340 1741 post

65 1777 120 1854 ἤδη
142 1776 290 1842 inserunt
312 1774 360 1840 ἐπὶ
384 1780 453 1860 Api,
478 1794 562 1858 quae
585 1774 746 1858 quomodo
769 1775 916 1841 omnibus
940 1773 1090 1842 inlibris
1115 1775 1260 1841 excidere
1284 1796 1341 1860 po-

66 1896 191 1965 tuerint
220 1915 285 1962 noo
315 1893 486 1980 perspicio.
531 1893 603 1961 Nou
636 1899 766 1961 exstant
797 1894 884 1979 apud
914 1894 1042 1961 Vallem
1065 1896 1097 1961 in
1121 1894 1240 1961 talibus
1264 1893 1341 1960 alibi

67 2014 220 2084 Vaticani
242 2013 422 2099 imaginem.

115 2134 141 2227 ξ
163 2137 193 2203 3.
216 2145 252 2202 M
274 2134 327 2201 sal
349 2137 380 2201 οὐ
404 2134 656 2212 adceleratione
679 2134 763 2213 μόνον
787 2141 838 2201 τοῦ
862 2135 950 2212 λόγου
974 2133 1081 2202 Recte.
1128 2134 1155 2200 B
1178 2140 1211 2202 et
1226 2133 1341 2219 reliqui

66 2256 145 2324 libri
175 2253 243 2321 fere
275 2274 385 2321 omnes
416 2252 588 2330 διαβόννμον
614 2252 659 2333 ὅν,
682 2252 770 2337 quod
793 2254 1054 2339 pronuntiatione
1076 2253 1111 2318 in
1135 2275 1274 2321 errorem
1298 2255 1341 2320 in·

67 2376 185 2442 ductus
207 2371 359 2440 librarius
381 2371 513 2457 quidam
535 2392 595 2458 pro
617 2372 741 2447 διαβολὴ
763 2372 847 2450 μόνον
870 2373 1002 2439 chartae
1026 2373 1198 2439 mandavit.
1230 2371 1341 2439 Valla:

70 2514 154 2577 „nec
176 2493 210 2559 id
235 2491 365 2559 omnino
388 2491 579 2560 detrahendi
602 2492 707 2559 studio
731 2497 802 2559 erat
825 2489 975 2558 ‹lictum’'.

117 2612 202 2680 Ibid.
239 2611 388 2679 Reiskius
423 2612 564 2679 restituit
598 2613 654 2684 τοὶς
690 2638 727 2690 γε
760 2612 899 2679 monitus
933 2611 1046 2678 Vallae
1076 2611 1343 2696 interpretatione

73 2731 213 2814 „certe'’.

117 2851 201 2920 Ibid.
241 2860 275 2918 M
314 2852 357 2930 μὴ
394 2848 442 2917 οὖν
480 2851 535 2916 ὑπὸ
573 2858 623 2918 τοῦ
661 2851 752 2929 δήμου
790 2875 835 2928 γε
874 2848 952 2923 αὖθις
991 2850 1142 2928 γενομένου
1175 2850 1256 2915 αὐτοὶ
1291 2847 1343 2929 πρὸ

68 2978 129 3038 τῶν
155 2970 257 3036 ἄλλων
276 2970 413 3045 μάλιστα
438 2970 639 3053 διαφθαρῆναι.
685 2971 768 3036 Bet
790 2970 934 3054 plerique
957 2970 1032 3036 libri
1055 2970 1138 3036 male
1161 2968 1203 3035 τέ.
1250 2968 1344 3034 Valla

68 3112 130 3160 sno
165 3109 253 3157 more
288 3088 413 3155 minora
449 3088 605 3156 vocabula
639 3090 829 3175 neglegendi
865 3111 929 3156 non
953 3091 1111 3175 expressit
1134 3090 1172 3166 γέ
1198 3110 1257 3168 „ne
1280 3089 1344 3173 ipsi

70 3209 276 3296 potissimum
322 3213 396 3275 ante
444 3209 525 3276 alios
571 3214 788 3277 everterentur
827 3232 848 3277 a
886 3210 1005 3295 populo
1044 3230 1155 3275 rursus
1193 3209 1343 3275 restituto

70 3327 258 3398 volebant‘.

118 3568 225 3654 Capul
248 3567 301 3634 92.
335 3565 428 3653 Vulg.
453 3568 487 3633 τὸ
509 3574 609 3649 τεῖχος
734 3568 842 3649 Φθῆνονν
865 3567 1017 3646 ἐβούλοντο
1040 3565 1344 3652 ἓξεογασοὶαενονς

71 3701 94 3754 Β
128 3686 405 3768 ἐξειργασμένοι
431 3687 584 3754 correctio
607 3685 695 3753 haud
719 3686 895 3772 palmaria3
920 3707 1079 3770 nusquam
1104 3685 1188 3752 enim
1212 3685 1345 3770 partici-

71 3806 161 3892 pium
193 3803 373 3891 periectum
404 3827 477 3871 cum
506 3805 626 3889 φθοὶνενν
658 3807 863 3892 conjunctum
886 3805 1062 3889 invenitur3
1087 3804 1343 3872 nihilominueB

73 3931 203 3991 secutus
235 3928 285 3990 est
308 3924 488 3992 clamenus.
536 3924 647 3990 Valla:
673 3929 868 4011 „antequam
892 3925 1155 4009 praevenirentur
1178 3923 1344 3990 absolvere

74 4040 316 4129 properantes’'.

118 4161 195 4254 §2
220 4162 314 4248 vulg,
337 4160 390 4229 ire
414 4163 541 4242 εἰδείη,
565 4175 587 4229 Β
613 4160 664 4228 ὅτι
688 4162 771 4239 tela.
795 4163 915 4229 Iterum
931 4183 1010 4230 sono
1026 4163 1179 4248 deceptus
1195 4159 1346 4226 librarius

73 4281 108 4347 in
137 4282 164 4348 B
195 4302 304 4349 veram
334 4281 504 4348 lectionem
534 4279 692 4361 turbavit,
724 4280 866 4347 scribens
898 4280 1027 4357 ὁτινδενγ,
1059 4280 1144 4347 unde
1169 4285 1275 4347 ortum
1298 4284 1347 4347 est

74 4400 118 4468 ὅτι
139 4402 209 4477 irin.
256 4400 367 4466 Valla:
394 4399 493 4487 „nihil
516 4399 605 4467 aliud
629 4420 724 4483 quam
751 4421 785 4466 se
809 4397 920 4464 scire'’.
