3098 4988
744 289 788 356 30

178 522 256 614 ἓδ.
286 524 377 612 Vulg.
407 524 457 592 ἆτ’
487 528 598 593 ἐκείνων
628 525 862 605 ἐπιστάμενον
888 525 921 592 τί
943 524 1076 603 ξίνίνμκ
1099 529 1203 607 recte,
1227 533 1265 593 ut
1288 526 1406 596 Valla:

137 643 244 729 „quod
266 645 407 731 ipsorum
429 650 585 714 tesseram
607 645 765 714 nossent'.
809 645 836 712 Β
859 665 1009 731 perverse
1032 646 1245 725 ἐπισταμένων.

180 766 200 846 β
223 763 253 829 6.
276 761 367 849 Vulg.
390 763 530 841 μέγιστον
552 763 581 829 δὲ
604 764 654 830 καί
677 766 735 846 οὐχ
759 762 865 839 ίίκνστκ
887 763 1009 846 ἔβλαψε
1027 766 1041 831 ί
1063 764 1259 844 narasse-Mc,
1285 764 1407 850 Bpost

135 879 257 962 ίβνσψσ
286 881 400 950 inserit
425 884 477 949 κσί
498 884 584 969 quod
607 905 671 951 non
693 883 834 967 quadrat
852 884 947 969 juxte
970 883 1183 970 superlativos
1205 883 1351 962 κίννστνν
1375 884 1406 950 u

134 999 185 1066 κκί
206 1003 265 1083 οὐχ
287 999 402 1076 ίκνστσ.
433 1000 543 1070 Velle:
577 999 785 1090 „Caeterum
809 1000 896 1086 quod
918 1002 965 1069 eis
988 1003 1161 1089 praecipue
1187 1002 1316 1089 nocuit,
1340 1001 1405 1071 fuit

136 1120 311 1189 modulatio
334 1119 486 1207 peeenis”

178 1236 203 1330 ξ
227 1239 255 1307 l.
278 1238 372 1325 Vulg.
395 1238 592 1320 κατέστησαν,
614 1251 637 1305 Β
662 1241 851 1316 κωίίστνσων.
876 1238 963 1308 Vera
984 1240 1099 1309 lectio:
1123 1240 1320 1309 νωίίστωσκν.

179 1357 259 1425 lbid
282 1356 375 1442 vulg.
398 1362 486 1424 recte
508 1354 610 1444 μόλω,
634 1370 657 1424 Β
680 1359 778 1437 ptyra.

178 1474 203 1568 ξ
226 1477 256 1543 8.
286 1475 376 1562 Vulg.
406 1476 504 1551 ἐκενδίτ
533 1478 563 1550 ἐς
594 1476 628 1542 τὸ
654 1475 988 1558 ressurrecturum
1012 1474 1402 1556 ίίνωίενκωτκβκίνννεν

134 1597 163 1661 ol
193 1594 319 1662 πολλοί
348 1596 435 1674 κτὲ.,
466 1607 489 1661 Β
620 1593 725 1662 ἄνωθεν
754 1596 960 1673 κκτκβκῑεν
991 1597 1021 1661 σί
1049 1595 1113 1676 μὲν
1135 1597 1276 1664 πολλοί.
1308 1597 1403 1666 Valla

134 1713 400 1801 praestantiorem
434 1714 585 1783 Vaticani
614 1714 782 1782 lectionem
811 1713 934 1782 reddit:
971 1721 1024 1796 „et
1061 1720 1234 1800 postquem
1269 1717 1311 1804 ii,
1347 1718 1404 1803 qui

134 1833 309 1901 incolumes
332 1838 516 1920 evaserant,
541 1854 581 1901 ex
604 1834 714 1902 arduis
736 1833 815 1902 loeis
838 1834 871 1900 in
895 1833 994 1919 plena
1018 1833 1268 1913 descenderant,
1293 1857 1403 1905 eorem
1440 1886 1443 1890 -

135 1953 279 2040 plerique
310 1950 398 2038 sqq.”
433 1991 477 2002 -
511 1953 629 2020 Dubito
661 1975 703 2019 an
725 1952 823 2039 poulo
846 1953 932 2020 infre
956 1954 1023 2039 καί,
1047 1954 1082 2020 in
1104 1952 1154 2018 κκί
1178 1951 1252 2030 ίσσν,
1276 1956 1404 2024 uncinis

137 2072 316 2159 includam,
349 2072 435 2158 quod
465 2071 647 2139 faciendum
677 2071 744 2140 fere
775 2078 873 2159 puto,
903 2073 981 2157 quie
1011 2073 1035 2139 σί
1067 2071 1169 2139 πολλοὶ
1197 2073 1301 2140 eidem
1324 2074 1405 2142 milri

137 2191 286 2260 videntur
308 2209 377 2258 esse
400 2190 519 2258 milites
542 2212 581 2258 ac
603 2189 660 2258 tuot
684 2187 758 2267 ἦσκν
780 2196 836 2258 τῶν
860 2190 998 2274 προτέρων
1021 2196 1203 2273 supersessis
1219 2192 1257 2277 l).

181 2427 288 2514 Caput
317 2428 362 2495 45
392 2434 413 2513 ξ
440 2432 466 2497 l.
505 2430 597 2515 Vulg.
628 2429 709 2496 κωτίσ
739 2430 773 2495 τὸ
802 2429 904 2511 χωρίον
935 2428 953 2512 ᾖ
983 2430 1007 2495 σί
1038 2429 1151 2496 Βοιωτοί
1182 2435 1292 2511 πρῶτον
1324 2432 1404 2517 (sive

137 2549 254 2630 πρῶτον)
277 2548 470 2634 turturem,
493 2561 515 2615 Β
539 2554 647 2628 πρῶτον
671 2548 736 2615 sive
759 2555 868 2629 πρῶτον
890 2570 954 2616 non
977 2549 1144 2634 expressit
1180 2549 1292 2616 Valla:
1327 2550 1404 2631 „ubi

136 2665 274 2750 primum
295 2667 409 2735 Boeoti
431 2666 646 2735 restiterunt’'.
677 2673 799 2753 Πρῶτον,
824 2688 889 2753 quo
912 2668 1071 2735 sententie
1094 2666 1257 2735 efficacior
1279 2667 1357 2754 fiat,
1382 2689 1403 2736 e

137 2783 278 2871 Stellio,
310 2786 350 2853 de
374 2786 530 2871 scriptore
553 2787 673 2871 optime
695 2787 826 2871 merito,
849 2792 1009 2855 retentum
1032 2807 1103 2854 esse
1126 2785 1240 2873 probo.
1286 2793 1402 2868 Πρῶτον

136 2903 342 2988 praetulerim
374 2904 532 2991 adjectivo
563 2911 683 2987 πρῶτον,
715 2928 787 2974 cum
818 2907 965 2991 quaestio
997 2906 1057 2986 sit,
1088 2904 1145 2974 udi
1165 2905 1313 2994 primum
1337 2927 1402 2974 non

136 3020 196 3111 qui
215 3021 321 3111 primi
343 3023 541 3091 restituerint
563 3023 687 3092 Boeoti.

181 3259 288 3345 Caput
303 3261 346 3328 46
362 3267 381 3345 ξ
400 3264 428 3328 1.
457 3262 548 3349 Vulg.
570 3265 720 3338 Γύλιππος
745 3263 775 3328 δὲ
797 3262 877 3329 sard
896 3271 953 3339 γῆν
975 3263 1009 3336 ἐς
1034 3264 1097 3338 τὴν
1119 3263 1290 3329 Σικελίαν
1305 3262 1401 3346 ᾤχετο

138 3375 234 3464 attur,
266 3378 343 3459 ίιξων
373 3382 514 3459 asparem
537 3383 595 3463 ἔτι,
625 3379 927 3458 stertentium
951 3383 1131 3448 Σνκελίων.
1164 3379 1251 3454 Atto
1275 3387 1402 3468 spectat

136 3495 180 3564 ud
203 3497 265 3563 cl
289 3498 364 3582 52,
387 3498 443 3565 ubi
466 3500 578 3567 eedem
601 3499 667 3567 lere
689 3500 846 3587 leguntur,
865 3521 970 3585 neque
985 3501 1085 3587 igitur
1100 3506 1220 3568 temere
1236 3501 1401 3587 existimo,

136 3615 224 3682 illinc
258 3623 469 3686 correctorem
500 3616 596 3694 altum
625 3619 660 3684 in
690 3619 717 3684 Β
747 3619 930 3687 inseruisse.
974 3620 1092 3687 Mirum
1123 3619 1208 3687 enim
1239 3624 1343 3706 esset,
1375 3621 1403 3688 si

138 3733 275 3820 scriptor
312 3736 417 3820 cupite
451 3741 563 3804 nostro
596 3736 693 3814 ἄλλων
727 3738 922 3817 addidisset,
959 3739 1118 3807 omisisset
1154 3745 1262 3806 tamen
1297 3740 1402 3824 cupite

137 3853 401 3938 quinquagesimo
416 3855 460 3940 ί),
499 3856 533 3921 in
566 3877 631 3941 quo
666 3857 778 3925 eadem
814 3857 959 3943 suppetit
990 3876 1110 3938 causa,
1140 3863 1273 3943 propter
1303 3877 1402 3942 quam

137 3972 232 4048 ἄλλων
255 3994 337 4059 opus
360 3994 430 4041 esse
454 3976 651 4044 contendunt
672 3977 730 4044 viri
754 3976 842 4044 docti
864 3982 993 4063 (nempe
1010 3997 1084 4043 cum
1098 3976 1176 4045 urbs
1191 3978 1402 4064 Agrigentum

169 4243 197 4309 1)
214 4244 281 4297 conl.
300 4258 323 4296 c.
340 4241 373 4296 48
391 4243 404 4309 S
421 4241 446 4294 o.

169 4339 197 4404 Β)
214 4354 270 4405 cup.
287 4338 321 4392 50
337 4339 351 4407 5
369 4338 382 4390 1
401 4335 473 4398 ἦλθεν
489 4335 540 4388 ἀπὸ
558 4346 605 4400 τῆς
622 4336 746 4397 Σικελίας.
