3098 4988
831 329 873 395 76

214 568 363 633 mendose
397 546 553 644 λαβόντες.4
598 565 740 634 Stahlius
774 567 963 653 ἀγαγόντες,
1000 567 1085 651 quod
1119 573 1250 653 propter
1284 569 1483 651 praecedens

213 689 330 768 ἔχοντες
354 686 421 753 fere
445 686 605 772 abundat,
631 709 652 752 a
675 687 770 753 Valla
793 687 945 754 omissum
969 707 1040 752 esse
1057 687 1297 768 animadvertit3
1320 709 1405 773 quae
1421 688 1484 756 fuit

213 830 325 884 causa,
359 828 416 872 our
446 805 661 872 Herwerdeno
690 805 848 890 probante
878 805 1067 872 vocabulum
1096 807 1220 873 uncinis
1246 807 1411 878 incluserit
1434 810 1482 875 vir

212 929 333 994 doctus.
356 924 466 992 Valla:
493 946 583 1006 „cum
608 923 740 1008 triginta
764 922 899 989 navibus
922 930 954 990 et
970 929 1063 1009 parte
1079 931 1275 993 armatorum
1390 933 1482 995 actu-

211 1046 287 1112 ariis
311 1044 443 1129 navigiis
468 1043 592 1111 advecti
616 1043 746 1109 suntin
770 1040 911 1108 chium”.

254 1285 359 1369 Caput
382 1287 420 1351 31
448 1281 472 1373 ξ
495 1284 526 1348 4.
570 1282 660 1367 Vulg.
685 1282 725 1347 rol
749 1282 773 1346 δ’
796 1282 1034 1359 ἐσβαλόμενοι
1058 1281 1251 1348 ἀπέπλευσαν
1274 1286 1303 1355 ἐς
1330 1283 1478 1354 Φώκαιαν.

209 1406 334 1472 Graeca
363 1425 428 1470 nou
457 1402 644 1487 intellegens
678 1402 773 1468 Valla
804 1404 844 1467 τοὶ
877 1403 906 1468 δὲ
938 1403 977 1468 de
1004 1402 1084 1469 locis
1113 1403 1305 1488 quibusdam
1337 1404 1371 1468 in
1404 1404 1477 1472 Ola-

208 1544 409 1590 zomenarum
433 1520 595 1586 vicinitate
619 1520 689 1587 sitis
713 1520 846 1604 accepit.
896 1519 1094 1604 Quamquam
1118 1543 1189 1588 eum
1215 1520 1330 1588 vidisse
1354 1521 1475 1589 dixeris

209 1640 320 1708 aoristi
343 1638 560 1723 participium,
584 1637 670 1722 quod
694 1637 728 1700 in
750 1637 777 1702 B
801 1637 921 1722 injuria
945 1638 977 1702 in
1002 1637 1212 1715 ε’σβαλλδμενοι
1236 1637 1334 1707 abiit:
1358 1661 1476 1724 ,quae-

208 1780 344 1844 cumque
376 1757 462 1823 circa
495 1757 563 1823 Ioco
594 1754 791 1822 Clazomenis
823 1754 962 1822 obnoxia
995 1763 1104 1835 erant,
1141 1763 1211 1824 octo
1243 1759 1311 1823 dies
1343 1766 1476 1844 propter

207 1882 432 1962 tempestatem
455 1876 657 1954 immoratae,
681 1895 778 1958 quum
803 1875 920 1958 partim
945 1875 1149 1959 diripuissent
1166 1875 1473 1962 exhausissentque‚

206 1997 324 2080 partim
348 1991 670 2080 oppugnassent’.

251 2233 355 2318 Caput
380 2234 421 2298 32
445 2231 469 2322 ξ
495 2233 521 2298 1.
556 2231 649 2316 Vulg.
685 2230 760 2303 darec
796 2232 821 2297 δ’
846 2234 937 2297 αὑτοῦ
971 2235 1095 2298 ἐνταῦθα
1130 2234 1266 2311 Λεσβίων
1301 2235 1472 2316 πρέσβεις

205 2354 439 2433 ἀφικνοῦνται
463 2350 632 2428 βουλόμενοι
657 2350 837 2430 οὶποστῆνοιι,
862 2351 947 2435 quod
971 2351 1100 2418 aValla
1119 2350 1296 2419 stabilitur:
1319 2352 1373 2435 „Is
1396 2352 1471 2419 dum

205 2471 250 2536 ibi
281 2470 348 2554 agit
379 2490 399 2534 a
429 2469 542 2553 legatis
571 2468 760 2536 Lesbiorum
790 2469 896 2536 aditus
927 2475 977 2537 est
1006 2471 1045 2537 de
1075 2471 1181 2538 insula
1208 2472 1254 2537 illi
1277 2471 1470 2541 tradenda”‚

205 2587 316 2672 Valla,
340 2587 395 2672 qui
419 2584 495 2652 abbi
518 2585 584 2652 lere
609 2607 734 2670 semper
755 2586 789 2651 in
804 2588 1094 2672 praestantioribus
1109 2588 1299 2656 lectionibus
1315 2589 1471 2658 Vaticano

206 2705 359 2784 concinit,
392 2704 444 2769 hic
475 2703 610 2770 dissidet
641 2724 661 2769 a
683 2703 726 2783 B,
757 2705 812 2788 qui
843 2703 929 2770 solus
954 2710 1028 2772 ante
1050 2707 1213 2778 ἀποστῆναι
1237 2707 1351 2773 inserit
1374 2707 1471 2787 αὖθις,

206 2822 291 2906 quod
315 2820 463 2904 scriptori
485 2819 547 2904 ipsi
570 2840 635 2885 non
659 2819 808 2886 attribuo.
839 2819 971 2901 ,,αὗθις”,
997 2823 1043 2888 ait
1058 2822 1248 2911 Glassenus,
1277 2827 1382 2906 „nach
1399 2828 1469 2894 dem

205 2945 311 3006 ersten
342 2959 403 3004 von
434 2937 496 3002 den
527 2937 688 3003 Athenern
713 2959 738 3003 o.
765 2939 824 3014 23,
851 2940 879 3003 6.
904 2940 1155 3006 unterdrticlrten
1186 2940 1358 3008 Versuoh’'.
1407 2944 1470 3011 Sed

204 3060 283 3125 nihil
306 3057 413 3124 Lesbii
434 3057 498 3140 ipsi
521 3056 722 3135 deiecerunt;
747 3057 811 3123 imo
831 3079 851 3123 a
867 3057 953 3125 Chiis
969 3057 1011 3123 ad
1028 3057 1236 3124 defectionem
1253 3065 1328 3126 sunt
1344 3063 1468 3128 coacti:

205 3202 230 3245 c.
263 3180 305 3242 22
336 3175 360 3267 ξ
392 3179 412 3241 2
447 3178 495 3241 καὶ
529 3178 560 3240 ai
590 3177 644 3254 μὲν
678 3184 741 3250 νῆες
881 3179 1043 3255 Μήθυμναν
1078 3184 1186 3256 πρῶτον
1220 3181 1369 3262 οέφιοτοῖσι

204 3299 252 3363 καὶ
285 3295 363 3369 αὖθις
395 3298 425 3360 αἱ
457 3295 556 3360 λοιπαὶ
590 3298 758 3370 Μυτιλήνην
789 3298 963 3378 οὶφιστοῖσιν.
999 3297 1038 3361 In
1060 3296 1087 3361 B
1110 3297 1235 3365 inverso
1268 3299 1379 3365 ordine
1403 3308 1468 3379 est;

202 3419 392 3501 ἀφικνοῦνται
416 3415 563 3492 πρέσβεις.

246 3533 326 3600 ibid.
350 3534 443 3618 Vulg.
471 3535 683 3614 χειμασθεισῶν
710 3538 765 3598 τῶν
788 3539 853 3598 νεῶν
877 3532 991 3615 ὕστερον
1014 3537 1203 3616 ἀφικνοῦνται
1227 3532 1320 3601 ἄλλοι
1344 3535 1467 3604 ἄλλοθεν

202 3657 230 3728 ἐς
265 3657 315 3728 τὴν
350 3653 425 3718 Χίον.
471 3652 498 3715 Β
534 3656 608 3718 ante
639 3658 693 3717 τῶν
724 3658 789 3717 νεῶν
819 3653 911 3720 addit
942 3658 990 3718 καὶ
1023 3655 1217 3728 πλιιννθεισῶν
1248 3653 1289 3719 ab
1321 3656 1468 3724 omnibus

202 3775 353 3842 Glasseno
385 3778 519 3857 excepto
553 3772 627 3838 viris
659 3773 761 3838 doctis
785 3773 990 3840 damnatum:
1023 3772 1235 3859 „glossema'',
1258 3774 1364 3859 inquit
1386 3777 1467 3843 Her-

201 3893 382 3969 werdenus,
410 3890 472 3971 „ad
496 3892 588 3955 datar
611 3888 733 3955 docetes
756 3891 877 3976 recepit
901 3891 1099 3960 Classenus''.
1134 3892 1291 3959 Attendas
1315 3896 1357 3960 ad
1374 3896 1465 3962 scho-

199 4013 282 4079 lion:
317 4011 366 4076 καὶ
390 4012 603 4090 χειμασβεισῶν
626 4015 691 4074 νεῶν
715 4010 802 4086 ἤγουν
824 4010 1031 4091 διασπαρεισῶν
1055 4011 1108 4073 ὑπὸ
1130 4018 1289 4096 χειμῶνος,
1318 4033 1381 4097 quo
1402 4014 1466 4081 Va·

199 4132 297 4197 tioani
327 4129 535 4198 additamenti
565 4129 656 4193 νοθεια
686 4127 896 4213 cognoscitur.
943 4128 1037 4194 Valla
1060 4135 1165 4195 recte:
1190 4130 1247 4196 sed
1270 4137 1465 4217 tempestate

199 4249 349 4316 disiectae
378 4269 475 4315 nares
506 4247 617 4314 eodem
648 4246 779 4313 tandem
810 4267 920 4313 omnes
951 4247 1034 4313 aliae
1067 4248 1195 4314 aliunde
1218 4251 1463 4334 pervenerunt”.

198 4369 225 4434 B
249 4389 396 4453 perverse
421 4389 548 4453 quoque
571 4368 666 4432 dator.
