3098 4988
843 279 889 354 40·

232 531 405 594 Σικελιῶται
435 531 468 593 et
498 527 614 593 Σικελοί
643 525 827 612 distinguit,
853 547 924 593 cum
948 525 1045 613 paulo
1069 547 1168 612 supra
1191 534 1373 594 Σικελιωτῶν
1396 526 1498 608 Netini

231 650 281 714 καὶ
310 657 471 714 Καταναῖοι
496 648 743 733 interpretetur:
770 668 830 729 „ex
853 646 1073 715 Siciliensibus
1095 646 1190 714 Naxii
1213 655 1246 715 et
1268 646 1498 718 catanenses.”

275 887 382 972 Caput
404 887 447 953 58
470 884 495 976 ξ
517 888 547 954 4,
571 886 663 972 Vulg.
687 885 779 960 ἄλλος
801 886 918 966 ductor,
942 886 969 952 Β
993 885 1085 954 addit
1108 886 1277 967 articulus,
1302 906 1367 973 quc
1389 909 1497 956 cerem

231 1026 310 1072 sane
333 1026 512 1091 possumus.

276 1125 356 1192 Ibid.
379 1123 469 1211 Vulg.
497 1125 553 1190 διὰ
576 1125 725 1204 fricetur
747 1125 882 1198 τίλεσις
905 1125 964 1190 καί
990 1122 1042 1190 ὅτι
1066 1125 1096 1188 ἐν
1117 1124 1252 1207 μεγίστῳ
1274 1125 1391 1207 κινδιίνῳ
1415 1122 1497 1211 ἦσαν,

231 1259 253 1312 Β
288 1246 346 1312 δια
379 1244 530 1324 μέγεθός
559 1270 598 1311 τε
629 1243 765 1317 τίλεσις
795 1245 854 1309 καί
887 1241 941 1310 ίτι
972 1245 1043 1325 γὰρ
1066 1246 1095 1309 ἐν
1116 1246 1251 1328 μεγίστῳ
1274 1247 1390 1330 κινδύνῳ
1414 1245 1496 1325 ἦσαν.

230 1363 304 1433 Non
333 1365 418 1432 male
448 1363 561 1430 addita
590 1367 640 1431 est
670 1364 805 1449 copula,
829 1363 1047 1450 conjunctioni
1069 1368 1177 1432 tamen
1199 1365 1260 1446 γὰρ
1283 1365 1377 1434 locus
1401 1368 1497 1453 plane

230 1483 337 1550 nullus
371 1489 430 1551 est.
478 1481 570 1549 Valla
603 1488 709 1549 recte:
748 1489 839 1563 ‚‚tum
872 1503 932 1567 pru
966 1483 1122 1567 civitatis,
1159 1490 1230 1551 tum
1262 1505 1321 1573 pro
1356 1485 1498 1574 ῳιιίιαίί

232 1600 471 1690 „magnitudine
494 1601 532 1669 ιἰι
554 1621 618 1690 quc
640 1601 767 1669 erunt.''
791 1600 1116 1668 Animadvertendum
1140 1606 1190 1668 est
1212 1601 1310 1670 verba
1336 1604 1445 1684 „tum”
1467 1611 1498 1673 et

233 1727 321 1803 „tum
344 1743 404 1808 pre
426 1720 582 1806 periculi''
605 1726 638 1788 et
663 1721 716 1802 „in
737 1742 802 1805 qno
826 1720 935 1788 erant'
955 1740 1109 1806 expressa
1123 1742 1194 1788 esse
1209 1721 1328 1790 litteris
1344 1726 1496 1806 cursivis;

235 1840 314 1925 quid
345 1845 451 1907 antem
481 1840 556 1907 inde
586 1845 766 1907 statuamus
797 1840 839 1907 eit
860 1860 991 1908 necesse
1015 1839 1056 1908 de
1080 1840 1194 1908 Vallae
1218 1841 1345 1928 codice,
1370 1844 1497 1931 nescio,

234 1980 306 2026 cum
334 1979 406 2026 eum
435 1959 550 2045 legisse
579 1963 704 2026 tantum
735 1958 783 2024 irat
805 1959 927 2037 μέγεθος
952 1958 1060 2033 πόλεως
1084 1981 1199 2046 parum
1224 1960 1343 2046 speciei
1366 1959 1497 2032 habeat.

231 2080 293 2160 rep
315 2079 390 2146 libri
412 2079 440 2144 Β
462 2078 557 2146 Valla
575 2078 649 2165 jure
672 2077 789 2146 omisit

273 2319 379 2404 Caput
401 2316 444 2384 59
467 2317 491 2410 ξ
517 2319 546 2386 l.
571 2316 664 2402 Vulg.
696 2313 741 2383 Οί
759 2341 793 2382 τε
819 2312 866 2381 οὖν
889 2295 1074 2397 Σνρακίσινι,
1105 2330 1127 2382 Β
1151 2313 1180 2383 σί
1196 2342 1231 2383 τε
1253 2315 1300 2384 νῦν
1328 2319 1497 2402 Συρακόσιοι

228 2437 278 2503 καί
310 2439 334 2502 oi
363 2436 521 2518 ξύμμαχοι
552 2437 586 2502 in
615 2436 731 2520 quibus
754 2435 919 2520 Kruegerc
942 2440 1109 2520 praeunte.
1123 2435 1262 2505 editores
1284 2458 1345 2522 pre
1368 2463 1403 2503 τε
1425 2459 1497 2507 ccr-

227 2562 378 2624 rcxerunt
400 2556 430 2622 δι’
452 2554 506 2642 (cf.
530 2554 655 2641 illese).
701 2555 797 2622 Valla
819 2554 875 2639 qni
898 2575 991 2621 omne
1013 2553 1098 2622 ierat
1120 2560 1274 2640 punctum
1294 2556 1409 2643 dignus
1424 2563 1494 2626 est:

230 2675 353 2762 „Igitur
375 2695 439 2741 non
460 2673 620 2741 immerito
643 2673 838 2760 Syracusani
860 2694 904 2740 ac
927 2671 1056 2742 sccii.'’

272 2792 353 2861 Ibid.
376 2792 468 2878 Vulg.
490 2794 611 2878 νίμῶνα,
636 2804 658 2857 Β
680 2791 847 2870 ιδμιινίσμα.

273 2911 356 2979 Ibid.
380 2912 474 2997 Vulg.
496 2913 546 2978 καί
570 2911 643 2990 μηδὲ
667 2915 741 2978 καθ’
764 2911 919 2992 ἑκιίτερα
942 2912 1067 2999 αὐτούς,
1091 2912 1168 2991 μήτε
1187 2911 1233 2978 διδ
1249 2911 1402 2989 ίαλιίσσκς
1418 2914 1497 2993 μήτε

227 3033 267 3114 τῷ
290 3031 386 3112 τεζῷ,
411 3031 584 3113 διαφυγεῖν,
614 3043 636 3096 Β
659 3029 709 3095 καί
732 3031 806 3110 μκδέ
828 3033 902 3097 καθ’
925 3028 1029 3110 ἕτερα
1052 3032 1122 3118 κτὲ,
1146 3030 1231 3116 quod
1254 3032 1380 3100 videtur
1402 3055 1496 3119 prae·

229 3154 327 3218 stare.
368 3149 455 3216 Nihil
494 3150 574 3216 certi
606 3149 768 3216 lucramur
801 3170 841 3215 ex
863 3148 974 3228 Valla,
1000 3150 1066 3234 ·qui
1100 3148 1232 3218 liberius
1266 3151 1412 3218 verterit:
1443 3157 1497 3233 „et

228 3274 365 3355 utraque
388 3268 612 3356 pertritum,
636 3269 717 3337 mari
739 3273 907 3355 terraque,
932 3265 1073 3353 effugere
1095 3268 1327 3355 prohibend0.”

274 3504 379 3591 eaput
409 3504 453 3572 60
481 3503 506 3595 ἓ
530 3508 561 3570 2.
584 3504 676 3590 Vulg.
707 3504 775 3585 τρδς
801 3504 831 3569 δέ
860 3506 966 3576 αὑταῖς
989 3513 1056 3579 ταῖς
1080 3504 1179 3572 ναυσίν
1202 3506 1408 3585 ἐπιλαβόντες
1433 3509 1495 3575 δια-

227 3623 375 3707 τείχισμαί
396 3650 424 3690 τι
447 3622 511 3691 decu
533 3620 589 3690 ιίίν
611 3650 645 3691 τε
668 3624 828 3705 ἕλιίχιστνν
850 3636 959 3690 Β....
984 3624 1207 3707 διατειχίσματι
1230 3624 1292 3692 ὅσον
1314 3628 1375 3694 κτὲ.
1424 3630 1494 3697 Etsi

228 3742 326 3831 paule
348 3744 479 3810 liberius
503 3742 607 3811 locum
622 3740 779 3828 reddidit,
794 3743 998 3811 nihilominus
1014 3745 1139 3813 Vellam
1155 3767 1227 3812 cnm
1242 3745 1326 3814 libre
1342 3747 1368 3812 Β
1384 3747 1495 3817 iacere

228 3863 387 3930 ridemus:
422 3868 700 3948 „occupatumque
731 3866 805 3928 ante
836 3883 931 3931 naves
962 3863 1067 3930 locum
1098 3886 1195 3949 qnam
1224 3866 1355 3934 minime
1382 3877 1496 3953 posset

228 4002 318 4050 mnrc
353 3978 638 4048 concludendum.’'
684 3981 734 4046 lix
767 3979 862 4061 locis,
895 3980 1001 4066 qualis
1034 3988 1144 4050 noster
1177 3989 1243 4064 est,
1268 3984 1385 4053 librum
1408 3987 1436 4052 Β
1461 3994 1495 4057 et

228 4100 354 4168 Vallam
376 4099 490 4169 ceteris
513 4099 660 4166 omnibus
678 4099 769 4166 libris
784 4099 885 4186 pluris
900 4101 1016 4185 velere,
1032 4099 1066 4165 ni
1081 4099 1186 4189 iellcr,
1203 4103 1341 4188 quisque
1357 4110 1490 4175 statuet.

271 4220 351 4287 Ibid.
374 4218 467 4305 Vulg.
489 4220 685 4295 ἀσθενέσιν,
709 4230 731 4284 Β
754 4219 917 4284 ἀσθενοῦσιν
940 4239 1011 4286 cum
1035 4221 1252 4307 superscripta
1278 4223 1418 4309 vulgatu.

271 4338 350 4406 Ibid.
367 4338 458 4425 Vulg.
481 4338 541 4405 ιίσδ
564 4338 592 4404 δὲ
615 4344 666 4405 τοῦ
688 4336 783 4404 ἄλλον
805 4337 892 4420 τεζνῦ
915 4338 972 4413 τίνι
995 4344 1065 4413 ναῦς
1088 4340 1208 4414 τιίσας
1227 4391 1300 4412 ....
1319 4351 1493 4439 πληρῶσαι,
