3098 4988
745 328 810 391 111·

168 557 200 622 ad
222 558 423 627 Athenienses
454 559 637 627 accedere”.
668 560 707 625 δι’
728 563 815 626 αὐτὸ
843 561 974 646 respicit
996 562 1039 628 ad
1062 563 1309 647 praecedentem
1334 584 1406 630 sen-

164 678 286 761 tentiam3
319 699 425 764 neque
457 679 555 766 igitur
587 678 659 746 fieri
693 684 818 765 potest.
854 687 891 747 ut
921 700 1096 765 sequamur
1126 682 1178 768 B;
1210 683 1332 768 inquo
1357 689 1408 750 est

166 793 192 858 δί
211 799 295 865 αὐτόν.

198 1031 289 1122 Caput
311 1038 354 1104 89
378 1042 398 1121 ξ
424 1040 454 1103 1.
489 1038 582 1123 Vulg.
617 1038 739 1111 ἐλπίδας
775 1063 808 1103 τε
842 1037 885 1104 ὅτι
915 1039 1032 1113 πολλάς
1063 1040 1128 1122 ἔχει
1159 1041 1345 1115 κάκείνοις
1378 1044 1412 1108 τὸ

165 1155 312 1237 στράτευμα
334 1155 514 1235 διαλλάξειν,
540 1169 562 1222 Β
585 1156 647 1222 καί
671 1158 875 1236 κάκείνοις,
891 1157 982 1242 prius
998 1159 1047 1222 acl
1064 1159 1176 1243 putide
1191 1165 1240 1226 est
1256 1159 1410 1226 additum.

164 1269 250 1342 Vellet
275 1276 416 1360 „habere
439 1276 523 1344 enim
546 1275 720 1360 plurimum
744 1276 813 1362 spei
837 1282 870 1343 et
892 1278 1121 1344 reconciliandi
1139 1279 1185 1345 eis
1201 1279 1411 1346 exercitum”.

196 1393 264 1464 Ibid.
287 1396 379 1483 Vulg.
408 1396 587 1477 ἀχθομένους
611 1396 671 1461 καί
696 1398 869 1477 πρότερον
892 1397 976 1470 τοὺς
1001 1399 1163 1471 πολλοὺς
1187 1404 1243 1463 τῶν
1265 1399 1410 1480 μετεχόν-

163 1535 205 1576 των
230 1526 278 1594 τῆς
309 1517 489 1598 ὀλιγαρχίας
615 1516 785 1597 ἐπέρρωσαν.
814 1528 836 1581 Β
860 1517 946 1591 τοὺς
969 1519 1129 1591 πολλοὺς
1152 1519 1215 1583 καί
1240 1520 1411 1611 πρότερον

162 1632 245 1704 minu
266 1642 374 1723 recte,
399 1657 470 1702 oum
495 1635 561 1708 τοὺς
585 1636 710 1709 πολλοὺς
734 1656 800 1701 non
822 1635 961 1703 libenter
984 1658 1004 1703 a
1027 1643 1082 1702 τῶν
1102 1638 1289 1719 μετεχόντων
1305 1639 1411 1724 sejun-

161 1769 260 1834 ganus.
297 1755 393 1823 Valla
423 1755 503 1821 nihil
534 1754 645 1822 docet:
685 1755 793 1835 „Quae
820 1753 917 1822 verba
941 1756 1041 1823 multo
1064 1757 1280 1826 vehementius
1304 1777 1412 1825 corro-

162 1865 293 1943 boravere
320 1874 438 1941 multos
461 1875 518 1959 qui
537 1872 732 1960 jampridem
755 1873 974 1960 gravabantur
998 1875 1192 1942 consortium
1216 1877 1410 1962 collegarum

160 1986 283 2062 instato
307 1994 518 2080 paucorum”.

192 2116 256 2197 52.
289 2114 379 2180 Libri
411 2114 574 2190 Σικελλίον,
606 2113 749 2198 Σικελίαν,
781 2112 935 2195 Σκελλίου,
958 2126 980 2179 Β
1004 2113 1082 2181 Σικέ.
1107 2113 1220 2183 Valla:
1248 2113 1405 2196 ‚‚Sicelii''.

156 2225 326 2319 tegendum
350 2234 486 2301 Σκελίου.

187 2352 263 2422 Ibid.
294 2354 390 2439 Vulg.
423 2355 448 2418 οί
475 2353 623 2434 μετίσχον
645 2353 699 2432 μὲν
722 2354 755 2417 ἐν
779 2351 924 2434 πρώτοις
949 2359 1005 2418 τῶν
1027 2353 1215 2433 πραγμάτων
1238 2366 1260 2419 Β
1280 2355 1313 2418 ἐν
1336 2363 1411 2429 τοῖς

152 2469 295 2555 πρώτοις.
329 2475 509 2558 Utrumque
532 2473 658 2540 falsum.
693 2473 779 2539 Vera
802 2473 920 2539 locutio
945 2478 995 2539 est
1018 2473 1046 2536 ἐν
1066 2479 1125 2544 τοῖς
1149 2477 1294 2554 πρῶτον,
1312 2495 1410 2558 quam

151 2593 252 2664 vidisse
275 2592 418 2662 arbitror
440 2594 569 2661 Veliam
591 2595 857 2679 interpretantem
881 2594 911 2674 7,
939 2593 995 2670 19,
1019 2592 1085 2657 4ἐυ
1101 2599 1160 2666 τοῖς
1177 2598 1280 2675 πρῶτοι
1298 2593 1409 2660 eodem

149 2716 248 2799 modo,
272 2737 337 2803 quo
360 2717 433 2783 loco
456 2719 585 2783 nostro:
613 2713 736 2796 „inter
759 2710 933 2798 primos.''

182 2836 261 2905 Ibid.
284 2835 380 2922 Vulg.
403 2836 468 2909 τούς
492 2860 534 2900 τε
560 2838 589 2908 ἒς
613 2837 665 2910 τὴν
688 2834 897 2911 Λακεδαίμονα
921 2831 1176 2915 πρεσβευομένους.
1211 2832 1248 2897 In
1272 2833 1410 2900 Babest

147 2956 261 3042 copula.
309 2956 422 3024 Valles
449 2955 612 3041 ‚legatos-
627 3003 656 3022 ..
681 2954 956 3021 Lacedaemonem
980 2949 1164 3020 miserant.''

182 3076 262 3144 Ibid.
294 3075 385 3162 Vulg.
418 3077 459 3155 μά
491 3100 519 3142 τι
551 3074 620 3142 άυευ
650 3081 706 3141 τῶν
737 3075 873 3140 πλειόνων
902 3074 991 3138 κακὸν
1019 3072 1169 3154 δράσωσι
1193 3073 1245 3147 riae
1268 3073 1362 3138 πάλιν.
1387 3086 1409 3139 Β

144 3195 279 3279 δράσειαν.
325 3196 369 3264 Et
403 3197 623 3283 conjunctivus
658 3201 691 3262 et
721 3195 859 3262 nodatus
893 3193 1101 3278 ascriptoris
1126 3214 1186 3259 usu
1211 3191 1315 3259 dictus
1339 3214 1409 3260 esse

142 3322 241 3401 potest
272 3315 314 3385 ci.
345 3316 446 3385 Closs.
473 3314 585 3383 Valla:
613 3315 751 3400 „nequid
776 3313 934 3380 civitatem
959 3313 1027 3379 sine
1050 3313 1165 3398 majori
1189 3318 1282 3398 parte
1306 3311 1407 3379 offen-

141 3435 279 3506 derent.'’

178 3556 261 3623 lbid
293 3555 387 3640 Vulg.
418 3558 456 3621 οὐ
486 3554 528 3620 τὸ
559 3553 747 3631 άπαλλάξειν
777 3560 828 3620 τοῦ
860 3551 942 3631 άγαυ
972 3554 1000 3626 ε’ς
1032 3553 1147 3631 ὀλίγους
1176 3554 1276 3619 ε’λίεῑν.
1323 3565 1344 3618 Β
1368 3555 1406 3618 οὐ

138 3681 195 3742 τῶι.
242 3675 292 3741 De
324 3674 502 3771 scriptura,
535 3695 607 3740 cum
638 3674 727 3740 loeus
758 3673 933 3739 miserrime
965 3673 1008 3739 sit
1031 3677 1219 3758 corruptus,
1243 3671 1324 3737 nihil
1346 3693 1406 3757 pro

140 3801 224 3862 certo
248 3792 411 3862 affirmare
434 3793 517 3860 licet.
552 3792 662 3860 Valla:
690 3793 757 3872 „ita
778 3793 862 3858 enim
880 3792 972 3860 vitari
988 3813 1084 3878 posse
1100 3813 1140 3859 ne
1155 3813 1208 3859 res
1224 3792 1267 3858 ad
1284 3813 1405 3876 paucos

138 3914 306 3982 admodum
330 3911 521 3981 deveniret.''

177 4034 258 4102 lbid.
294 4031 389 4119 Vulg.
424 4032 542 4099 Omnes
576 4032 667 4112 libri,
698 4036 831 4117 excepto
863 4032 915 4115 Μ,
948 4031 1093 4098 scribunt
1115 4032 1167 4104 τίιν
1191 4031 1403 4104 retractanda

136 4155 232 4236 ἑτέραν
263 4152 314 4219 vel
336 4155 365 4225 ἐς
389 4151 487 4232 ἑτέραν
510 4173 569 4237 pro
593 4152 732 4237 genuino
756 4151 919 4235 ίσαιτέραν,
942 4151 1047 4236 quod,
1079 4171 1150 4216 eum
1174 4150 1286 4217 eodem
1309 4149 1403 4216 modo

136 4273 406 4358 pronuntiaretur,
432 4272 512 4338 abiit
534 4272 567 4337 in
591 4273 630 4344 εἰς
650 4272 758 4352 ἑτέραν.
794 4271 890 4338 Falso
906 4272 1002 4338 etiam
1019 4269 1130 4337 Valla:
1151 4269 1402 4355 „rempublicam

134 4392 167 4459 in
189 4393 327 4461 alterum
351 4396 471 4458 statum
495 4390 697 4458 transferre.”
732 4391 767 4456 M
791 4390 896 4456 minus
919 4395 1007 4460 recte
1030 4387 1176 4470 ἱσυτέραν.
