3098 4988
837 300 878 379 7'2'

225 559 301 636 μεθ’
331 555 372 622 ὦν
396 557 553 635 ἔμελλον
576 553 874 633 ξυνκιιδυνεύειν.
921 551 1022 618 Nemo
1046 552 1148 619 nostri
1172 551 1338 636 scriptoris
1362 572 1498 635 operum

226 680 329 746 editor
360 679 400 744 de
431 679 589 745 Vaticano
620 676 787 763 probando
819 677 969 762 cogitarit
992 676 1146 744 Classeno
1171 681 1323 760 excepto,
1348 677 1405 760 qui
1428 677 1496 762 plu·

225 799 307 865 rima
337 798 476 884 perdidit
505 797 604 866 verba
633 799 668 863 in
699 796 902 864 defendenda
933 818 1032 864 eausa
1062 797 1252 882 desperata,
1280 803 1316 862 ut
1341 797 1440 863 etiam
1462 797 1496 862 in

225 918 392 1003 arguenda
415 919 576 984 sententia
597 916 784 1001 lectionem,
810 916 914 1000 qualis
937 921 988 982 est
1010 916 1043 980 in
1064 914 1107 993 B,
1132 914 1281 982 subtilius
1298 915 1495 981 accuratius-

226 1058 288 1122 que
318 1058 389 1104 essa
420 1036 629 1104 elaboratam.
677 1036 780 1114 Quam
812 1041 920 1103 autem
950 1055 1018 1101 rem
1050 1035 1116 1101 viro
1148 1034 1243 1101 docto
1273 1054 1336 1101 non
1362 1033 1496 1101 cessisse

225 1157 373 1242 inspecta
397 1156 605 1224 annotatione
629 1156 763 1240 quisque
786 1155 887 1222 dabit.
924 1156 1015 1221 Duae
1037 1175 1089 1221 res
1112 1155 1146 1220 in
1162 1155 1189 1219 B
1206 1154 1387 1240 displicent
1413 1153 1494 1232 Quid

226 1273 288 1343 sibi
310 1276 422 1344 volunt
444 1278 509 1355 μεθ’
535 1273 571 1341 ὧν
593 1275 717 1354 ἔμελλον
739 1274 985 1354 ξυγκινδυνεύειιθ
1018 1274 1187 1341 Pueriliter
1209 1295 1244 1341 se
1266 1273 1391 1340 habant
1401 1275 1494 1360 juxte

224 1395 305 1472 uaris
336 1399 451 1460 πολλῶν
482 1420 517 1460 τε
548 1396 685 1471 κάγαθῶν
715 1393 904 1475 ξυμμάχωνῐ
945 1393 1027 1471 Quid
1056 1393 1140 1460 enim
1162 1392 1313 1460 fecissent
1335 1413 1402 1459 una
1425 1414 1494 1460 cum

224 1514 333 1581 multis
358 1511 560 1599 fortibusque
583 1513 677 1581 sociis
700 1513 763 1580 illis
787 1513 858 1580 chii
880 1513 942 1580 nisi
965 1512 1055 1580 obire
1078 1512 1276 1597 periculum?
1311 1511 1494 1580 Sententiae

224 1633 321 1718 igitur
342 1633 494 1700 relativae
517 1633 607 1701 locus
630 1638 680 1700 ast
702 1632 819 1699 nullus.
864 1631 996 1698 Accedit
1018 1632 1123 1717 quod,
1155 1631 1347 1699 Vaticanum
1371 1632 1399 1698 si
1423 1652 1493 1717 pro·

224 1752 353 1831 bemus,
386 1751 541 1837 langueat
576 1752 650 1820 finis
684 1751 879 1837 sententiae,
914 1771 999 1835 quae
1033 1751 1161 1818 omnino
1193 1749 1412 1836 perturbatur.
1460 1749 1494 1814 In

225 1870 356 1956 vulgata
377 1875 465 1937 recte
488 1891 528 1937 ex
551 1872 612 1937 οὐδὲ
636 1871 768 1953 πρότερον
791 1871 958 1949 ἐτόλμασαν
979 1872 1153 1947 ποιήσασθαι
1169 1870 1312 1955 pendent
1327 1868 1495 1954 sequentis

224 1989 274 2055 καὶ
299 1989 464 2063 Ἀθηναίους
488 2027 532 2038 -
555 1990 597 2055 τὰ
620 1988 791 2068 πράγματα
814 1987 875 2065 εἴη,
901 1988 1051 2055 Vaticani
1074 1993 1181 2055 autem
1204 1987 1342 2055 lectione
1366 1992 1495 2072 recepta

225 2129 282 2174 cur
312 2108 425 2175 addita
457 2109 521 2175 sint
548 2108 645 2175 verba
668 2129 767 2175 causa
790 2108 880 2174 nulla
903 2108 1040 2193 amplius
1063 2112 1181 2174 exstat.
1228 2107 1288 2174 cui
1311 2105 1494 2174 difficultati

225 2227 286 2294 hoc
317 2226 412 2294 modo
443 2227 564 2294 mederi
594 2231 729 2294 conatur
759 2227 948 2295 Glareanus:
979 2227 1182 2314 „unmdglich
1204 2225 1349 2293 konnten
1372 2227 1419 2294 sia
1442 2225 1497 2294 auf

227 2346 286 2413 das
318 2346 484 2414 Eintreten
511 2346 598 2413 einer
621 2347 830 2414 verdnderten
854 2344 987 2413 Ansicht
1009 2345 1061 2413 bei
1084 2346 1147 2412 den
1169 2345 1334 2413 Athanern
1358 2350 1493 2432 werten,

227 2466 364 2533 sondern
395 2486 430 2533 es
462 2466 505 2532 ist
534 2467 604 2534 eine
634 2487 716 2533 naue
745 2467 811 2532 und
836 2464 1055 2551 selbstiindige
1078 2465 1296 2551 Bemsrkung:
1321 2464 1390 2532 und
1413 2464 1494 2532 auch

226 2606 287 2652 von
319 2586 380 2652 dan
410 2584 575 2652 Athenern
606 2585 745 2653 nahmen
776 2586 822 2652 sie
854 2585 912 2665 ab,
945 2585 1021 2652 dass
1045 2584 1123 2651 sia.''
1170 2585 1233 2652 Sed
1257 2584 1339 2651 nihil
1362 2585 1496 2652 interest

226 2707 332 2770 utrum
363 2703 433 2771 Chii
455 2704 669 2771 Athenienses
692 2705 780 2789 ipsos
803 2725 868 2771 non
890 2703 1023 2770 infitiari
1046 2724 1097 2770 res
1118 2725 1193 2771 suas
1208 2708 1283 2789 post
1299 2703 1496 2771 Siciliensem

226 2828 393 2908 acceptam
417 2823 540 2890 cladem
565 2844 635 2890 esse
659 2820 798 2890 afflictas
822 2823 1029 2908 cognoverint
1052 2843 1169 2909 necne,
1194 2823 1251 2890 sad
1272 2828 1308 2889 ut
1322 2820 1423 2890 verba
1437 2821 1493 2890 οὐθ’

225 2943 316 3017 αὐτὴν
339 2944 391 3017 τὴν
413 2941 578 3008 ἀπόστασιν
599 2941 731 3023 πρότερον
754 2941 922 3018 ἐτόλμησαν
946 2943 1119 3018 ποιήσασθαι
1143 2943 1177 3008 in
1201 2942 1382 3010 sententiae
1404 2941 1494 3009 initio

225 3061 331 3144 posita
364 3060 494 3145 docent,
531 3061 668 3146 scriptor
697 3061 837 3146 probare
868 3066 1003 3128 conatur
1032 3082 1073 3128 ne
1105 3061 1317 3129 defectionem
1347 3061 1492 3146 quidem,

224 3177 300 3244 licet
322 3177 460 3246 fortasse
483 3200 538 3246 eos
561 3180 622 3246 hac
642 3180 675 3245 in
692 3200 728 3247 re
744 3180 841 3265 paulo
857 3180 1091 3266 imprudentius
1108 3181 1213 3266 egisse
1229 3180 1301 3265 quis
1318 3181 1492 3265 putauerit,

225 3296 321 3364 Chios
352 3300 524 3378 statuisse,
557 3305 731 3384 antequam
762 3300 848 3385 apud
878 3300 966 3385 ipsos
990 3305 1154 3367 constaret
1176 3321 1240 3368 non
1264 3301 1369 3368 solum
1392 3300 1492 3368 socios

224 3436 341 3500 magno
372 3437 503 3483 numero
535 3438 642 3484 secum
672 3417 748 3484 belli
778 3418 940 3484 fortunam
964 3417 1140 3503 periclitari
1162 3437 1232 3485 esse
1254 3423 1405 3503 paratos,
1430 3417 1484 3484 sad

224 3534 320 3600 etiam
342 3535 552 3602 Athenienses
575 3536 662 3621 ipsos
686 3536 844 3604 derebus
868 3536 1040 3622 desperare
1062 3536 1137 3602 suis.

269 3651 351 3718 Ibid.
375 3650 466 3737 Vulg.
492 3653 537 3719 τὰ
559 3660 614 3718 τῶν
638 3655 811 3734 Ἀθηναίων,
833 3653 860 3720 Β
883 3654 1002 3739 injuria
1024 3653 1143 3720 omitt't
1164 3651 1212 3718 roi.

268 3768 351 3835 Ibid.
374 3767 484 3853 Neque
507 3769 753 3851 §suarattaratae
777 3773 923 3859 vulgatae
946 3794 1052 3858 neque
1067 3773 1219 3840 Vaticani
1233 3757 1484 3854 ξυιαναιρὲθὴσεσ-

223 3890 269 3954 θαι
299 3887 415 3973 placat.
457 3887 642 3974 Lagundum
675 3894 722 3956 est
745 3892 988 3971 ἀναιρεθήσεσθαι.
1035 3891 1115 3957 Cum
1137 3891 1352 3959 Herwerdeno
1375 3889 1483 3960 abesse

222 4009 316 4075 salim
340 4009 400 4090 ξαν,
425 4009 511 4093 quod
539 4007 762 4090 adnotaveras
786 4031 897 4077 errore
919 4016 1032 4077 natum
1048 4009 1181 4077 uidetur.
1205 4008 1315 4076 Valla:
1347 4009 1479 4092 ‚,iore..

223 4135 260 4195 ut
283 4126 502 4197 evomeretur?
1394 4191 1396 4194 ,

266 4244 292 4337 ξ
314 4249 344 4314 6.
367 4246 461 4331 Vulg.
486 4243 542 4325 οὖν,
564 4257 586 4310 Β
611 4251 690 4324 γοῦν.
713 4246 877 4313 Bakherus
897 4246 1037 4313 correxit
1051 4246 1084 4311 in
1100 4246 1124 4310 θ’
1139 4243 1195 4313 oia.
1216 4246 1312 4314 Valla
1330 4245 1486 4333 „Itaque”

268 4361 348 4433 Ibid.
372 4363 466 4451 Vulg.
488 4364 671 4451 Ἀθηναίους,
695 4364 723 4430 Β
746 4365 915 4433 articulum
939 4364 1038 4434 addit.
