3098 4988
753 321 796 390 74

141 560 182 626 ad
207 560 430 645 pugnandum,
453 581 518 625 non
540 560 652 645 utique
675 560 866 646 turpitudini
890 565 988 645 atque
1012 561 1160 630 dedecori
1177 561 1320 629 dandum
1337 583 1410 629 esse

141 681 169 745 si
199 681 282 746 nolis
317 679 423 745 subire
459 679 548 746 nulla
584 680 707 746 ratione
739 676 944 764 periculum'’.
994 679 1084 757 Quae
1114 680 1174 746 etsi
1205 680 1409 748 subobscura

141 803 351 881 contortaque
388 803 462 863 sunt
492 798 603 872 verba,
640 804 775 883 apparet
807 806 915 865 tamen
947 819 1020 864 eum
1050 820 1109 883 pro
1132 796 1204 864 ύπον
1227 799 1409 866 sententiae

139 917 229 983 initio
261 923 317 984 aut
339 939 397 1002 pro
422 917 566 1002 sequenti
589 915 657 982 ὅσον
681 942 714 983 σε
737 918 852 1002 legisse
876 918 979 1002 ὂνιόσε,
1004 917 1091 1001 quod
1116 915 1260 983 Stahlius
1286 917 1410 1002 conjec-

139 1039 212 1101 tura
235 1042 284 1102 est
307 1038 486 1101 adsecutus.
510 1034 547 1100 In
572 1035 778 1120 sequentibus
803 1036 962 1103 consentit
977 1037 1125 1120 vulgatae
1141 1036 1174 1101 in
1191 1057 1271 1103 voce
1286 1035 1406 1114 οὲιιύνοι

142 1155 250 1232 „nulla
275 1154 433 1230 ratione’',
459 1154 546 1237 quod
569 1155 603 1219 in
625 1154 652 1219 Β
676 1155 886 1240 depravatum
910 1162 960 1222 est
982 1157 1016 1222 in
1038 1157 1138 1236 ὀλίγῳ.

183 1272 262 1338 Ibid.
294 1270 384 1357 Vulg.
416 1272 517 1351 ἔσσοιι,
547 1285 568 1336 Β
592 1270 726 1357 ἕξέσσοιι,
758 1273 862 1339 minus
893 1281 988 1341 rectu.
1034 1274 1111 1341 Post
1145 1274 1350 1352 οὶροινύσοιούοιι
1382 1273 1407 1338 Β

139 1391 225 1458 solus
248 1391 359 1456 inserit
381 1388 443 1455 ύσοι
466 1416 500 1456 σε
524 1390 697 1469 βούλονται,
722 1411 807 1475 quae
822 1391 920 1459 verba
936 1393 963 1459 ei
978 1393 1169 1470 retinemus,
1191 1413 1265 1459 cum
1284 1391 1407 1459 Stahlio

136 1512 292 1579 mutanda
316 1511 445 1577 suntin
468 1512 554 1576 ύσύσε
577 1512 744 1589 cottona.

181 1629 205 1720 ξ
230 1632 258 1696 3.
281 1630 371 1714 Vulg.
396 1633 553 1706 decultior,
580 1636 683 1709 recte3
707 1631 734 1695 B
758 1634 929 1706 ἧστοισύῶσι.

181 1749 262 1817 Ibid.
291 1748 382 1832 Vulg.
407 1750 423 1824 ἢ
447 1749 524 1814 advo
548 1772 585 1825 ρο
608 1749 739 1831 deutrum
763 1750 790 1814 Β
813 1750 931 1836 injuria
948 1750 1067 1817 omittit
1082 1750 1214 1835 οὶνύνκρ,
1231 1770 1296 1833 qno
1314 1772 1403 1817 voca·

136 1866 212 1933 bulo
242 1873 313 1933 tota
343 1866 517 1950 disputatio
552 1866 673 1932 nititur.
721 1866 831 1934 Valla:
867 1867 997 1951 „aliqua
1027 1888 1160 1952 prorsus
1194 1868 1404 1935 antecedente

136 1983 359 2051 necessitate’'.

180 2102 258 2193 §4
294 2102 385 2187 Vulg.
420 2103 452 2177 ἥν
481 2126 537 2167 σου
567 2103 661 2183 nerlu
693 2101 762 2182 εἴη,
794 2103 820 2167 Β
853 2110 940 2170 recte
969 2102 995 2186 ᾖ.
1042 2103 1136 2170 Valla
1169 2104 1292 2184 „sicubi
1323 2104 1406 2171 foret

139 2219 386 2306 opportunum”.

182 2457 286 2542 eaput
308 2457 350 2522 28
367 2454 398 2546 ἓ
421 2459 452 2522 2.
485 2456 578 2542 Vulg.
609 2460 640 2523 ού
663 2457 898 2538 προσδεχομένων
921 2458 991 2522 ἀλλ’
1015 2459 1031 2533 ἢ
1055 2458 1196 2530 Ἀσσικύις
1226 2464 1297 2533 νοούς
1322 2457 1402 2526 eluar.

136 2575 163 2640 Β
195 2582 270 2641 ante
304 2582 373 2648 νοῦς
407 2575 520 2640 inserit
553 2575 624 2658 σούς,
660 2597 724 2641 non
754 2576 854 2654 male,
889 2595 993 2659 neque
1024 2580 1133 2642 tamen
1164 2576 1321 2644 articulus
1352 2586 1401 2645 est

136 2694 343 2761 necessarius.

180 2812 258 2903 §4
294 2812 386 2897 Vulg.
422 2811 486 2883 τούς
518 2814 545 2876 τ’
567 2810 727 2891 ἐπικούρους
757 2812 823 2883 τοὺς
856 2810 919 2889 περὶ·
949 2813 998 2877 τὸν
1029 2811 1179 2892 Ἀμόργιον
1210 2815 1294 2894 ιιιιροὶ
1321 2818 1402 2898 σφᾶς

136 2935 241 3005 οιύσούς
270 2933 454 3009 κομίσαντες.
502 2930 554 2997 Sic
581 2931 678 2997 eliam
701 2937 789 2997 recte
812 2930 924 2997 Valla:
962 2932 1152 3018 „Caeterum
1176 2933 1298 3001 auxilia
1321 2954 1402 3018 quae

137 3054 222 3118 circa
245 3073 279 3118 se
302 3051 457 3134 Amorges
481 3049 639 3116 habuerat
757 3070 905 3133 recepere
929 3049 971 3115 ad
995 3048 1059 3116 se”.
1104 3051 1131 3116 B
1155 3056 1230 3135 post
1251 3053 1401 3133 ’Λμύρριρν

136 3171 225 3239 addit
248 3171 295 3235 τὸν
320 3169 504 3247 Πισσούθνου,
528 3188 611 3252 quae
634 3167 728 3233 verba
752 3171 950 3251 quantopere
973 3167 1149 3251 langueant
1173 3178 1398 3253 supervacent

137 3311 216 3375 que,
251 3289 370 3374 optime
404 3287 499 3353 docet
529 3287 779 3364 Herwerdenus‚
816 3286 870 3370 qui
898 3287 966 3371 jam
993 3284 1018 3375 ξ
1042 3289 1062 3352 3
1087 3285 1211 3355 Stahlio
1243 3291 1400 3374 probante

136 3407 278 3492 spuriam
308 3409 456 3470 naturam
485 3403 762 3488 interpretamenti
792 3402 962 3469 Πισσούθνου
993 3403 1065 3468 νύύον
1096 3404 1154 3469 υἱὸν
1183 3405 1351 3488 νὶφεστῶτοι
1373 3408 1400 3474 δὲ

134 3524 281 3604 βασιλέως
314 3521 400 3588 hisce
433 3521 553 3606 arguit:
587 3520 687 3606 „Dele
718 3521 873 3587 scholium
904 3522 1042 3605 petitum
1071 3543 1089 3588 e
1121 3543 1191 3607 cap.
1215 3521 1236 3589 5
1260 3530 1341 3591 extr.
1364 3547 1398 3592 eo

134 3642 195 3708 hoc
224 3642 295 3707 loco
325 3639 478 3723 ineptius,
504 3639 590 3723 quod
620 3636 780 3727 §deine
811 3639 878 3721 ulla
900 3638 1039 3705 hominis
1063 3639 1278 3724 descriptione
1302 3664 1396 3727 prae-

135 3763 299 3827 cesserant
330 3756 443 3825 verba:
478 3757 681 3839 Τισσαφέρνης
714 3758 802 3822 πείθει
827 3758 931 3829 αὐτοὺς
954 3758 1003 3821 ἐπ’
1024 3756 1132 3843 Ἴασον,
1156 3760 1185 3822 ἕν
1211 3757 1398 3843 ᾖᾊριόρριρς

133 3879 270 3955 πολέμιος
293 3877 328 3941 ύν
351 3883 492 3957 κατεῖχε,
517 3882 655 3941 σλεῦσοιι.
687 3875 891 3943 Rectissime:
924 3896 999 3941 nam
1023 3874 1205 3943 confidebat
1226 3877 1396 3947 historicus

132 3998 287 4065 lectorum
311 4015 440 4062 suorum
463 3995 635 4079 memoria,
659 4000 772 4062 nostra
794 3993 933 4063 fortasse
956 3994 1123 4079 aliquanto
1145 3995 1320 4068 fideliore’'.

179 4231 283 4317 caput
305 4232 347 4297 29
371 4190 450 4320 gr.
481 4229 574 4316 νοις.
606 4230 671 4312 ιρι
703 4230 838 4316 acesto,
869 4243 891 4295 n
922 4230 1040 4295 reesa
1068 4231 1147 4311 ιρι.
1183 4230 1295 4301 Valla:
1329 4254 1395 4321 „sc

132 4353 258 4419 loturus
283 4356 332 4434 (ut
354 4348 529 4436 dicebat)”.
