3098 4988
838 285 881 352 36

230 522 338 606 opinio
368 527 468 603 esset,
500 525 689 609 praesertim
719 524 752 589 in
783 544 888 591 rerum
921 522 1109 590 descrimine
1133 522 1289 608 cogitasse
1313 521 1354 589 de
1378 523 1499 590 exerci-

231 640 369 708 tationet
403 642 453 708 Ex
486 643 557 728 ipse
593 644 697 730 capite
721 644 877 730 septimo,
902 663 965 728 quo
990 642 1048 709 viri
1071 641 1158 709 docti
1181 641 1302 708 variam
1325 639 1497 709 lectionem

230 762 376 845 tuentur,
407 760 598 846 scripturam
622 781 730 828 reram
752 761 930 827 ἀνεπαύοντο
955 764 1112 827 mutatam
1135 779 1207 826 esse
1231 758 1337 826 crede.
1384 758 1497 827 Restat

121 931 124 934 ε
229 881 281 955 ut,
304 879 332 945 si
354 879 492 963 scriptor
514 899 624 946 revera
646 878 787 946 dedisset
809 881 1011 961 durcaptum,
1039 899 1103 946 nen
1126 879 1321 965 perrexisset
1343 880 1445 956 ἐπειδὴ
1469 879 1496 945 a

229 998 323 1077 καιρὸς
347 994 389 1078 ἦν,
411 998 497 1082 qued
520 997 583 1064 nisi
607 997 647 1064 de
671 1004 813 1084 tempore
837 997 985 1066 manibus
1009 998 1213 1065 conserendis
1235 996 1370 1078 idoneo,
1394 1018 1496 1083 neque

229 1120 339 1183 tamur
371 1116 411 1184 dc
441 1118 671 1185 exercitatione
701 1122 850 1203 peracta,
874 1121 983 1202 potest
1006 1117 1118 1203 accipi.
1164 1117 1338 1186 Consilium
1362 1116 1497 1204 Syracu·

231 1256 382 1302 sanorum
415 1239 502 1303 erat:
538 1238 628 1302 αὐτοῦ
662 1239 698 1309 ὥς
734 1238 872 1318 σαχῖστα
901 1237 951 1302 καῖ
975 1238 1008 1302 ἐν
1030 1232 1051 1320 ᾧ
1074 1236 1179 1320 σφῖσν
1202 1235 1378 1318 ξυμφέρει
1402 1243 1497 1315 αναγ-

229 1351 320 1419 κοὶσαο
344 1353 449 1427 αὐτοὺς
475 1361 643 1434 ναυμαχεῖν
668 1353 725 1440 (cf.
747 1352 772 1444 ξ
798 1356 842 1440 l.)
1305 1422 1308 1428 ,

276 1470 356 1537 lbid.
387 1470 481 1557 Vulg.
517 1482 554 1554 τῇ
584 1473 638 1551 μὲν
669 1474 790 1554 προτέρα
820 1475 888 1555 πρὸς
919 1474 960 1538 σοὶ
990 1472 1077 1554 τείχη
1108 1479 1164 1539 τοῖν
1195 1472 1244 1541 Ἀ.
1277 1474 1497 1560 προσέβαλλον,

230 1593 316 1657 recte
350 1594 386 1656 ut
420 1588 530 1656 Valla:
567 1590 691 1675 „prime
726 1590 777 1657 die
811 1591 854 1657 ad
884 1612 993 1659 muros
1020 1590 1265 1659 Atheniensium
1296 1590 1498 1659 succedunt’.

231 1719 253 1774 Β
277 1717 313 1791 τῇ
344 1708 398 1786 μὲν
430 1709 639 1793 αρνσεραῖρι,
671 1707 757 1793 quod
780 1729 845 1775 non
867 1707 1015 1793 quadrat
1059 1707 1217 1795 Vulgatae
1240 1719 1278 1794 τῇ
1300 1711 1355 1789 μὲν
1379 1711 1499 1795 αροσέρρ

230 1827 251 1895 'a
274 1849 299 1896 o.
322 1828 454 1914 priore
478 1829 539 1895 die
561 1833 647 1896 recte
670 1829 843 1914 opponitur
865 1839 902 1912 τῇ
926 1829 1064 1912 ύστεραῖρ
1086 1829 1106 1895 i.
1130 1848 1159 1896 e.
1182 1828 1410 1912 insequenti
1439 1819 1514 1899 dic

232 1944 459 2036 ωῆᾖῌ

276 2065 358 2132 Ibid.
391 2064 483 2151 Vulg.
514 2065 597 2140 ούσνς
629 2065 658 2130 δὲ
689 2075 790 2142 στενῆς
813 2073 866 2141 τοῖς
889 2065 1025 2149 ἐφόδου.
1059 2065 1221 2133 arctoos
1247 2071 1351 2146 recte;
1377 2067 1442 2150 sic,
1465 2067 1498 2134 ni

231 2183 337 2264 fallor,
362 2183 459 2252 Valla
488 2205 615 2271 quoque
648 2182 886 2272 „ingressus”
916 2185 1156 2269 interpretatur.
1202 2183 1313 2252 Sermo
1341 2186 1426 2253 enim
1450 2189 1499 2254 est

230 2303 271 2371 de
291 2304 442 2389 ingressu
464 2303 513 2369 vel
535 2302 666 2370 introitu
688 2303 722 2369 in
746 2301 988 2370 Atheniensium
1011 2302 1213 2370 munitiones.

276 2541 383 2627 Caput
411 2542 454 2607 52
484 2539 509 2632 ξ
537 2543 569 2607 2.
604 2541 695 2627 Vulg.
730 2541 891 2627 ε’ξούνονσα,
923 2555 944 2608 Β
976 2540 1179 2629 ratramus,
1211 2541 1285 2609 libri
1314 2543 1496 2629 complures

231 2661 480 2747 εάεξανανύνοα,
503 2681 586 2746 quae
608 2662 825 2746 praestantior
847 2660 943 2728 lectio
966 2682 1036 2729 esse
1060 2661 1193 2728 ridetur.

275 2778 356 2848 Ibid.
380 2778 471 2865 Vulg.
494 2782 550 2853 τοῖς
572 2778 674 2853 σοῖσας
698 2784 767 2852 ναῦς
790 2779 860 2864 ἤδη,
887 2793 908 2846 Β
932 2780 988 2852 τοῖς
1012 2779 1114 2852 σοῖσας
1138 2778 1188 2856 ἤδη
1212 2784 1292 2852 ναοῖο.

276 3016 381 3103 eaput
403 3017 446 3083 53
469 3014 494 3109 ξ
516 3019 547 3084 2.
571 3016 663 3103 Vulg.
694 3015 768 3085 οὗτοι
792 3020 851 3100 γὰρ
874 3018 1043 3100 ἐφύλασσον
1066 3024 1125 3093 τοῖς
1152 3018 1327 3102 Ἀθηναῖοις,
1357 3017 1384 3082 Β
1409 3017 1501 3085 addit

230 3137 326 3220 σαύσρ
349 3157 413 3222 quo
436 3137 610 3224 vocabule,
638 3160 711 3206 cum
733 3138 857 3217 locum,
882 3138 937 3205 ubi
960 3137 1166 3206 excubabant
1189 3136 1335 3222 Etrusci,
1359 3135 1498 3216 indicet,

231 3275 296 3322 non
329 3276 439 3324 carere
473 3277 652 3343 pessumus.
700 3257 851 3325 Vaticani
883 3257 958 3325 libri
987 3257 1067 3324 fides
1098 3260 1233 3342 augetur
1263 3254 1377 3322 Vallae
1408 3255 1500 3322 testi-

230 3373 352 3440 monie:
390 3374 476 3455 „illie
498 3374 582 3440 enim
605 3375 766 3460 praesidio
789 3376 1039 3444 Atheniensibus
1062 3373 1220 3443 stabant”.

276 3492 351 3577 53.
383 3493 475 3580 Vulg.
505 3495 529 3559 οῖ
561 3495 702 3570 Ἀθηναῖοι
822 3498 879 3569 τοῖς
911 3503 980 3569 ναῦς
1013 3496 1068 3568 σύος
1091 3496 1144 3573 μὲν
1166 3496 1282 3566 πολλοῖς
1306 3493 1443 3560 διέσωσαν
1466 3519 1499 3560 σε

231 3613 280 3677 καῖ
309 3610 476 3689 ξυνήγαγον
505 3613 586 3678 κασοδ
616 3614 648 3678 τὸ
673 3613 864 3692 σσρατύνοεδον
887 3615 981 3681 δυοῖν
1005 3613 1039 3678 δὲ
1061 3613 1209 3685 δεούσας
1234 3611 1382 3697 εῖκοσνν,
1405 3611 1447 3686 ἃς
1469 3613 1499 3678 οῖ

231 3731 436 3811 Συρακόσιον
459 3729 590 3810 ἔλαβον
613 3734 717 3811 αύσοῖν,
740 3734 789 3799 καὶ
814 3734 880 3805 τοὺς
903 3731 1008 3814 ἄνδρας
1034 3732 1150 3805 σοῖνσας
1166 3730 1360 3809 satanam,
1385 3744 1497 3798 B....

229 3850 311 3914 κασοῖ
338 3848 372 3915 σύ
401 3849 609 3930 superstantes,
640 3851 732 3916 δυοῖν
764 3851 799 3916 δὲ
830 3851 978 3924 δεούσας
1008 3852 1108 3918 εῖνοσον
1139 3852 1163 3915 οῖ
1196 3861 1232 3924 Σ.
1268 3849 1378 3928 ἔλαβον
1403 3852 1499 3916 αὐτῶν

230 3967 291 4034 art.
326 3966 435 4035 Valla:
468 3967 680 4053 „naviumque
711 3988 842 4035 suarum
870 3969 1042 4054 plerasque
1071 3969 1169 4037 tutati
1199 3966 1442 4057 (Athenienses)
1464 3969 1498 4036 in

230 4094 336 4154 castra
358 4087 561 4155 reduxerunt.
597 4086 738 4164 Quarum
761 4087 976 4174 duodeviginti
1000 4107 1113 4173 cepere
1136 4084 1330 4173 Syracusani
1346 4106 1384 4152 ao
1401 4087 1497 4175 socii,

229 4226 340 4272 earum
370 4205 603 4295 defensoribus»
620 4203 755 4272 caesis”.
802 4204 974 4290 vulgatam
997 4204 1214 4289 recipiendam
1239 4225 1309 4271 esse
1328 4205 1397 4290 jam
1421 4205 1500 4273 vidit

229 4323 359 4409 Poppc:
398 4323 521 4409 „Vulgo
551 4324 624 4389 δυοῖν
654 4322 772 4410 δεούσας
803 4321 919 4400 εῖκοσνν,
951 4321 987 4397 οῖς
1014 4325 1039 4389 οῖ
1063 4323 1148 4390 unde
1171 4305 1276 4409 serbis
1299 4323 1357 4396 τοῖς
1381 4327 1499 4400 πολλοῖς
